1762 3057
650 185 956 221 ENNIANAE
1448 191 1543 221 LVII

33 329 38 334 .
73 294 138 331 lib.
171 292 319 343 XXVI)
360 294 525 332 uocabat
564 295 634 333 arti
673 295 855 334 adhibuit.
917 295 1012 333 Nam
1044 293 1229 332 Naeuium
1265 305 1339 331 non
1370 295 1544 344 attigisse

72 365 319 403 hexametros
362 371 511 403 constat
547 365 661 404 hodie
700 377 773 403 uon
802 366 997 414 omuibus,
1038 365 1105 403 sed
1133 365 1351 415 plerisque:
1393 366 1440 404 de
1472 378 1544 416 qua

73 447 114 473 re
165 447 274 485 quam
314 447 412 473 nunc
458 447 532 473 nou
575 447 790 486 persequor
838 435 1018 486 quidquid
1061 435 1310 483 iudicabitur,
1367 447 1436 473 eos
1481 436 1543 486 qui

73 513 260 556 tamquam
287 503 471 551 Naeuianj
504 505 702 542 laudantur
733 506 979 544 hexametros
1014 519 1059 544 ea
1090 513 1215 544 aetate
1245 507 1361 555 longe
1391 507 1543 557 politio-

73 590 135 616 res
168 589 256 615 esse
289 588 513 626 persuasum
539 574 680 614 habeo.
744 576 801 614 Ab
832 577 907 614 illis
941 582 1064 614 autem
1094 577 1292 625 uersibus,
1328 578 1424 615 iuter
1447 587 1545 627 quos

74 648 305 687 Ciceronem
336 656 412 686 non.
454 645 566 682 multa
600 647 776 683 omisisse
810 647 1010 694 existimo7
1053 660 1127 685 non
1166 659 1303 696 magno
1341 647 1543 685 interuallo

74 721 285 770 dispestum
325 716 444 753 fuisse
492 716 537 752 fr.
571 714 603 751 II
650 716 818 753 uidetur:
862 728 936 765 quo
974 730 1055 754 eam
1092 718 1227 755 ‘dicti'
1269 717 1440 767 peritiam
1472 716 1544 754 sibi

72 800 146 827 non
182 801 252 839 per
288 786 472 824 somnium
502 785 569 822 sed
603 785 735 823 labore
770 798 814 823 ac
849 786 974 824 studio
1008 789 1218 837 contigisse
1250 787 1461 837 prolitetur.
1514 787 1544 823 A

73 858 210 910 quibus
248 856 361 907 paulo
396 855 546 904 longius
577 855 710 893 aberat
744 857 892 894 tertium
927 871 946 894 e
971 857 1196 907 prohoemio
1220 863 1419 907 superstes
1444 857 1544 905 frag-

73 935 260 977 mentum,
292 938 367 978 quo
392 926 534 964 Ennius
562 937 603 962 se
636 925 682 963 ab
715 926 954 964 obtrectandi
989 927 1143 965 libidine
1171 927 1319 965 uidetur
1342 939 1546 965 reuocare.

72 1000 148 1038 Sed
192 999 261 1037 hos
301 999 349 1036 de
395 1009 460 1035 sua
500 995 713 1045 Naeuiiquc
754 997 864 1046 poesi
908 1010 1044 1034 seusus
1089 997 1272 1035 Columna
1314 1010 1358 1035 ac
1397 996 1546 1035 Merula

75 1074 227 1120 poetam
259 1070 294 1106 in
324 1069 408 1118 ipso
436 1067 562 1104 limine
587 1067 761 1104 carminis
788 1068 1076 1117 deprompsisse
1101 1068 1324 1105 uoluerunt:
1357 1081 1400 1105 ae
1426 1069 1546 1118 potuit

73 1153 154 1178 eam
188 1152 266 1177 rem
298 1138 440 1176 Ennius
475 1139 544 1175 iam
575 1139 611 1174 iu
649 1138 755 1187 primi
787 1138 931 1175 annalis
963 1139 1124 1175 exordio
1158 1139 1359 1186 attingere,
1421 1138 1543 1187 Nune„

73 1210 173 1260 quod
207 1208 346 1247 Cicero
379 1208 614 1255 subindicat,
647 1220 691 1245 ea
725 1207 774 1245 ibi
807 1209 1007 1258 exposuit«
1042 1209 1102 1246 ubi
1136 1210 1319 1246 rationem
1342 1209 1542 1257 reddebat,

73 1292 138 1317 cur
176 1281 211 1316 in
252 1281 371 1330 primo
405 1278 509 1316 bello
544 1278 683 1316 Punico
715 1279 946 1328 aliquantum
977 1292 996 1317 a
1028 1291 1134 1317 more
1166 1291 1234 1316 suo
1274 1279 1448 1317 narrandi
1480 1279 1545 1317 de-

73 1349 246 1387 flexisset
268 1350 473 1398 (scripsere
502 1353 566 1385 alii
596 1362 670 1386 rem
699 1362 731 1385 e.
752 1362 789 1399 q.
812 1363 841 1387 s.
878 1349 923 1390 fr.
951 1349 1005 1399 l):
1041 1362 1112 1398 qua
1145 1351 1431 1400 opportunitate
1461 1363 1543 1387 cum

72 1418 206 1457 Naeuii
235 1431 389 1456 carmen
417 1425 661 1467 memoraret,
694 1420 870 1457 iudicium
899 1419 945 1457 de
972 1431 1018 1456 eo
1051 1423 1164 1469 poeta
1196 1420 1347 1458 adiecit.
1391 1420 1472 1467 Qua
1503 1433 1543 1458 re

73 1499 141 1525 suo
175 1489 255 1526 iure
286 1489 409 1527 editor
431 1490 640 1540 Lipsiensis
673 1490 817 1527 relictis
849 1491 1017 1527 auctoris
1040 1490 1096 1526 sui
1121 1491 1294 1539 uestigiis
1323 1492 1357 1529 in
1379 1493 1544 1541 septimo

73 1570 206 1596 uersus
238 1561 425 1609 reposuit.
478 1559 596 1597 Porro
635 1561 719 1598 dum
750 1573 812 1597 res
844 1562 948 1611 ipsas
972 1560 1045 1597 hoc
1075 1559 1180 1597 bello
1210 1568 1342 1609 gestas
1375 1561 1545 1599 breuiter

74 1630 317 1679 perstringit,
362 1632 593 1669 occasiones
626 1632 807 1681 quasdam
840 1631 1082 1669 inlustriores
1109 1631 1245 1680 quibus
1277 1632 1387 1669 latius
1420 1633 1542 1669 oratio

75 1705 279 1749 uagaretur
321 1702 499 1749 captauit.
561 1702 614 1739 Ita
656 1701 832 1739 uersibus
872 1712 970 1750 quos
1007 1699 1118 1737 Gellii
1158 1700 1203 1737 N.
1240 1701 1286 1738 A.
1326 1701 1397 1739 XII
1427 1703 1449 1739 -1
1491 1703 1543 1738 in-

74 1771 217 1809 dustria
263 1771 431 1807 seruauit
467 1771 557 1821 (X)
610 1772 781 1822 speciem
824 1771 893 1807 uiri
941 1771 1073 1807 nescio
1123 1771 1229 1808 cuius
1280 1772 1341 1821 qui
1388 1772 1542 1809 Seruilii

73 1841 236 1879 amicitia
273 1840 469 1878 fruebatur
511 1854 595 1879 cum
640 1841 763 1879 studio
807 1839 1054 1877 adumbrauit.
1131 1840 1358 1879 Theodorus
1398 1841 1543 1891 Hugius

74 1911 226 1962 quidem
266 1910 507 1960 inprobabile
551 1912 672 1962 ducit,
720 1910 877 1948 Ennium
922 1911 956 1947 iu
1004 1916 1077 1947 tam
1117 1911 1390 1961 compendiosa
1436 1912 1544 1949 huius

74 1981 166 2019 belli
200 1981 414 2018 narratione
446 1982 594 2019 mediae
621 1994 771 2032 pugnae
801 1981 960 2020 alicuius
983 1982 1233 2032 descriptioni
1265 1995 1348 2020 eam
1383 1984 1544 2033 copiose

75 2052 305 2102 explicatam
335 2063 478 2089 morum
511 2052 806 2090 delineationem
840 2052 1091 2088 inmiscuisse.
1144 2052 1194 2090 At
1223 2053 1286 2090 hic
1314 2057 1429 2103 poeta
1461 2065 1544 2090 cum

75 2123 226 2171 longius
256 2121 412 2160 abesset
444 2122 489 2160 ab
526 2134 571 2160 ea
609 2124 699 2160 artis
732 2122 961 2169 subtilitate,
1008 2134 1106 2172 quae
1142 2123 1302 2160 maxime
1340 2124 1375 2160 in
1406 2135 1545 2174 aequa-

75 2193 220 2230 bilitate
252 2192 409 2242 partium
443 2194 701 2243 conspicitur,
735 2198 809 2229 tum
842 2192 915 2229 hoc
945 2192 1122 2229 consulto
1156 2193 1337 2242 instituit,
1371 2200 1409 2231 ut
1440 2199 1543 2231 cete-

75 2264 126 2300 ris
159 2275 256 2312 quae
288 2261 454 2300 Naeuius
486 2268 747 2314 occupauerat
778 2263 988 2299 summatim
1023 2264 1192 2301 tractatis
1226 2265 1261 2301 in
1296 2263 1546 2302 deuerticulis

77 2333 301 2384 quibusdam
331 2332 467 2370 diutius
492 2339 724 2371 uersaretur.
777 2332 859 2379 Qua
891 2345 931 2369 re
962 2345 1008 2369 ue
1036 2333 1127 2371 illud
1152 2334 1304 2384 quidem
1332 2339 1406 2371 tam
1435 2334 1544 2370 mira-

77 2404 152 2441 bile
200 2408 258 2440 est
304 2414 414 2451 quam
457 2402 582 2451 Hugio
625 2401 850 2449 uidebatur,
898 2403 1000 2451 quod
1043 2403 1280 2453 splendidius
1320 2415 1340 2440 a
1378 2402 1544 2439 Seruilio

77 2480 228 2523 gestum
278 2472 368 2510 nihil
417 2472 462 2510 ad
507 2477 675 2508 nostram
721 2473 939 2509 memoriam
980 2474 1168 2521 peruenit.
1259 2473 1408 2510 Etenim
1448 2471 1544 2509 duos

77 2542 196 2580 fuisse
227 2542 414 2580 Seruilios
441 2542 617 2592 geminos
651 2540 790 2578 Cicero
822 2542 933 2578 tradit
967 2542 1136 2591 (quaest.
1171 2542 1277 2579 acad.
1313 2541 1346 2579 II
1374 2539 1444 2588 18,
1477 2541 1543 2579 56.

79 2611 152 2660 26,
179 2610 278 2662 84),
312 2610 482 2649 Publium
513 2612 693 2659 alterum7
725 2611 787 2661 qui
817 2622 899 2647 cum
931 2608 973 2647 C.
998 2610 1156 2648 Aurelio
1184 2610 1297 2648 Cotta
1326 2610 1383 2647 bis
1411 2610 1545 2648 consul

78 2681 147 2718 fuit
186 2693 219 2718 a.
247 2693 282 2718 u.
307 2693 339 2718 c.
369 2682 443 2718 501
487 2688 524 2719 et
556 2681 659 2729 505,
704 2681 864 2719 alterum
905 2680 1093 2727 Quintum.
1171 2679 1340 2727 Quorum
1382 2679 1429 2716 de
1470 2679 1545 2717 hoc

79 2750 168 2789 nihil
208 2752 379 2802 comperi
413 2757 567 2802 praeter
605 2762 767 2789 nomen:
809 2749 875 2787 ille
917 2756 1080 2801 utroque
1116 2750 1315 2788 consulatu
1346 2750 1383 2787 in
1412 2750 1543 2788 Sicilia
