1762 3057
194 145 240 173 VI
764 137 1098 172 PRAEFATIO

198 246 408 300 Delrio,
456 247 784 309 Seriucrius,
824 245 1071 298 VossiUS,
1115 260 1269 301 nuper,
1316 246 1396 288 hoc
1436 253 1501 288 est
1540 236 1668 288 trium

197 326 288 367 fere
326 327 594 368 saeculorum
636 323 885 377 interuallo,
933 324 1165 365 Bothius
1206 326 1440 367 studiosam
1481 326 1557 367 sed
1597 340 1669 382 pa-

197 421 288 446 rum
330 421 355 446 a
393 406 477 446 fide
517 410 558 446 et
596 418 868 444 numerorum
908 403 1103 445 doctrina
1140 403 1363 444 subtiliore
1402 404 1669 446 commenda-

196 485 326 525 bilem
363 499 537 540 operam
573 482 875 524 adhibuerunt.
936 482 1128 524 Annales
1160 488 1301 523 autem
1331 483 1487 525 edendi
1525 499 1671 525 curam

200 562 403 604 Merula
433 563 641 619 suscepit,
679 562 929 616 ingeniosus
956 561 1169 603 Batauus:
1211 562 1287 603 sed
1318 562 1497 603 nimium
1533 562 1671 604 indul-

198 657 304 697 gens
335 642 509 697 ingenio
551 657 631 683 nec
668 641 965 683 emendatione
994 640 1157 697 profuit
1186 641 1421 696 insignius,
1462 656 1541 682 nec
1579 640 1671 682 feli-

198 722 289 762 cius
320 721 684 775 fragmentorum,
716 736 842 777 quam
873 722 1103 777 praecipue
1135 720 1311 776 agebat,
1346 720 1672 777 dispositionem

199 800 397 841 instituit.
459 799 544 852 Qui
583 815 637 841 ne
677 801 900 856 perspexit
936 799 1129 856 quidem,
1171 814 1276 856 quos
1307 800 1413 841 fines
1444 799 1544 841 huic
1575 814 1672 841 con-

200 878 393 921 iecturali
431 880 598 921 critices
635 880 785 935 generi
830 880 925 935 ipsa
962 884 1116 920 natura
1155 894 1299 920 rerum
1341 878 1572 934 praefigat:
1629 878 1674 918 in

199 974 282 1015 quo
308 973 467 1014 genere
495 958 738 1000 hariolandi
768 974 819 1000 ac
840 965 1001 1000 temere
1032 958 1238 1014 opinandi
1267 957 1441 999 uberior
1459 957 1673 1010 materies,

200 1040 429 1080 seueritate
474 1038 805 1093 argumentandi
844 1044 917 1079 aut
954 1038 1169 1079 rationum
1205 1038 1462 1079 necessitate
1499 1036 1674 1093 probari

199 1132 337 1174 pauca
378 1118 558 1174 possint.
627 1117 752 1159 Vnde
784 1117 995 1159 Merulam
1040 1132 1126 1158 non
1166 1132 1262 1158 eum
1302 1117 1436 1158 fuisse
1483 1121 1674 1172 apparet,

201 1198 321 1240 cuius
357 1197 588 1253 praecipue
617 1196 814 1251 uestigiis
842 1197 981 1238 editor
1010 1196 1229 1237 annalium
1262 1195 1475 1237 recentior
1507 1194 1674 1234 insiste-

201 1282 286 1318 ret:
333 1282 374 1317 et
412 1282 556 1317 tamen
597 1276 687 1317 eius
729 1277 973 1318 auctoritati
1014 1291 1059 1317 se
1098 1275 1286 1328 addixit,
1329 1274 1401 1330 qui
1440 1273 1675 1315 nouissime

200 1355 376 1398 annales
415 1355 633 1411 Lipsiae
674 1355 829 1409 edidit,
874 1355 949 1396 sed
987 1356 1046 1396 ita
1084 1354 1240 1408 edidit,
1285 1353 1376 1394 fere
1406 1358 1453 1394 ut
1482 1351 1676 1393 Merulae

199 1437 355 1478 librum
384 1434 715 1477 exscribendum
743 1435 884 1491 operis
913 1434 1144 1476 tradidisse
1172 1433 1407 1474 uideretur.
1468 1432 1676 1487 Propriae

201 1515 283 1557 sibi
326 1515 436 1556 dotis
473 1513 554 1554 hoc
591 1519 734 1554 tamen
774 1513 912 1555 editor
950 1514 1190 1569 Lipsiensis
1227 1511 1377 1564 habet,
1416 1511 1531 1568 quod
1568 1525 1676 1564 eam,

199 1610 307 1652 quae
339 1593 393 1634 ab
425 1592 593 1634 Merula
621 1592 802 1648 prodiit,
843 1594 1170 1650 dispositionem
1198 1590 1417 1632 annalium
1448 1590 1675 1646 suppleuit,

198 1680 317 1716 tanto
348 1674 391 1714 ni
425 1672 579 1712 mirum
607 1686 830 1727 successu,
872 1673 950 1714 uix
977 1678 1024 1714 ut
1052 1672 1131 1714 ulli
1163 1670 1347 1712 frustulo
1382 1669 1600 1710 minutiori
1632 1670 1676 1710 in

200 1759 367 1796 retexta
404 1752 606 1794 carminis
644 1751 730 1793 tela
769 1752 915 1794 sedem
954 1767 1040 1793 non
1082 1751 1356 1793 concederet:
1407 1750 1531 1804 quasi
1570 1748 1675 1801 eius,

199 1835 271 1891 qui
304 1831 517 1889 deperditi
554 1831 775 1886 scriptoris
806 1831 1048 1885 fragmenta
1077 1830 1185 1883 edit,
1226 1828 1332 1870 haec
1361 1828 1416 1868 sit
1444 1828 1677 1884 praecipua

200 1914 314 1966 laus,
347 1927 400 1952 ne
431 1909 534 1966 quid
559 1910 769 1951 incertum
803 1909 886 1950 sibi
917 1915 990 1950 aut
1021 1908 1250 1950 obscurum
1280 1907 1478 1948 fateatur.

312 1991 461 2046 ltaque
482 1988 657 2044 patebat
676 1987 801 2042 haec,
835 1989 877 2028 in
908 2002 992 2044 qua
1022 2002 1117 2028 cum
1150 1987 1292 2028 fructu
1321 1986 1559 2027 litterarum
1589 2001 1675 2028 non

200 2070 319 2111 tenui
357 2067 579 2109 elaborare
619 2066 850 2121 uidereris,
896 2067 1140 2123 prouincia:
1183 2066 1259 2107 sed
1298 2081 1391 2107 eam
1430 2065 1503 2106 diu
1547 2066 1674 2107 desti-

199 2156 333 2190 tutam
377 2146 521 2187 nescio
568 2160 651 2202 quo
699 2153 825 2203 pacto
871 2160 994 2187 nemo
1034 2145 1240 2187 obtinuit:
1287 2160 1367 2187 nee
1406 2159 1485 2199 ego
1524 2150 1571 2185 ut
1608 2159 1674 2186 ac-

201 2227 425 2279 cesserim,
492 2225 572 2267 hoc
623 2240 718 2267 meo
774 2225 910 2266 libero
961 2225 1140 2266 consilio
1192 2225 1374 2278 factum,
1429 2230 1502 2266 aut
1561 2224 1675 2280 quod

202 2322 297 2348 mea
327 2321 394 2347 me
431 2305 574 2346 studia
607 2304 719 2346 ultro
754 2305 797 2345 in
835 2304 948 2345 hunc
979 2305 1167 2345 maxime
1204 2319 1401 2360 campum
1433 2304 1672 2345 duxissent.

201 2386 309 2430 Cum
347 2386 459 2426 enim
492 2384 745 2425 deuersarer
778 2384 821 2424 in
852 2384 978 2438 longe
1024 2383 1109 2424 alia
1153 2383 1390 2425 litterarum
1432 2388 1673 2423 nostrarum

200 2467 396 2521 regione,
453 2470 656 2505 autumno
698 2463 799 2504 anni
844 2466 1122 2511 m
1165 2463 1269 2506 ordo
1324 2460 1673 2518 philosophorum

203 2545 441 2586 Bonnensis
481 2544 533 2585 de
571 2543 713 2585 Ennio
751 2544 875 2585 iussit
912 2546 971 2586 ita
1012 2544 1191 2597 certari,
1236 2548 1282 2583 ut
1321 2540 1581 2597 <praemissa
1619 2540 1672 2581 de

200 2630 350 2680 poetae
388 2624 499 2677 uita,
553 2629 646 2664 arte
693 2628 734 2663 et
774 2624 944 2679 scriptis
992 2622 1279 2680 disputatione
1320 2619 1411 2660 eius
1453 2619 1671 2660 annalium

202 2702 442 2756 fragmenta
480 2701 779 2753 emendentur,
828 2702 1127 2758 disponantur,
1179 2698 1490 2740 inlustrantur)
1551 2698 1670 2739 Adli-

204 2782 341 2823 cientc
378 2781 639 2839 quaestionis
675 2781 834 2835 gratia,
873 2795 981 2836 quae
1019 2779 1122 2821 mihi
1161 2776 1410 2831 uidebatur,
1460 2783 1501 2818 et
1533 2777 1671 2819 laudis
