1762 3057
712 147 1029 190 RELIQVIAE
1525 144 1605 185 179

787 259 952 303 XXXII

267 347 429 392 Fronto
456 348 593 407 Epist.
620 347 682 392 IV
711 353 735 393 3
766 363 805 406 p.
833 353 886 393 99
915 348 981 391 ed.
1010 347 1133 392 Rom.
1175 349 1337 407 ‘neque
1369 347 1411 391 id
1449 360 1605 404 repre-

129 416 273 460 hendo
304 419 347 460 te
384 417 503 460 uerbi
537 416 822 461 translatione
853 416 1063 461 audacius
1096 430 1407 474 progressum:
1446 416 1606 475 quippe

130 484 202 544 qui
236 484 344 528 Enni
378 486 593 529 sententia
631 487 904 529 oratorem
948 485 1201 528 audacem
1239 499 1364 528 esse
1405 485 1607 530 debere

129 567 344 596 censeam.
402 554 467 597 Sit
498 568 603 597 sane
631 553 774 597 audax
805 556 971 607 orator,
1012 556 1058 596 ut
1081 553 1247 596 Ennius
1274 553 1489 611 postulat,
1529 554 1607 598 sed

129 636 155 665 a
179 621 469 680 significando
497 622 611 682 quod
646 622 739 665 uolt
771 621 915 681 eloqui
946 636 1158 681 nusquam
1193 621 1487 680 digrediatur!

777 722 961 766 XXXIII

266 798 411 843 Varro
447 799 500 844 <le
536 800 582 844 L.
610 799 656 844 L.
696 800 754 844 IX
790 807 863 844 ΗΠ
896 801 949 844 Μ.
999 803 1219 859 ‘oporteat
1248 800 1326 845 dici
1357 800 1522 856 solui,
1560 804 1607 846 ut

131 866 238 912 Cato
268 871 310 912 et
339 868 506 912 Ennius
536 869 704 923 scribit,
744 884 829 913 non
862 874 906 913 ut
934 869 1033 913 dicit
1061 869 1226 928 uolgus
1258 869 1413 914 solitus
1446 871 1570 914 sum.'

766 969 957 1014 XXXIV

266 1045 423 1091 Festus
457 1053 594 1105 p.351
629 1048 682 1092 M.
721 1047 990 1105 ‘tappete’
1019 1047 1334 1107 (tappetae,
1365 1048 1494 1094 immo
1520 1053 1607 1094 ta-

130 1118 311 1173 petae,
351 1115 558 1174 Vrsinus)
592 1120 670 1160 ‘ex
701 1116 868 1160 Graeco
909 1114 1128 1175 sum[psit]
1170 1152 1373 1161 .....
1412 1121 1481 1162 tae
1512 1119 1607 1162 En-

129 1184 226 1228 nius
272 1199 367 1227 curn
419 1184 478 1228 ait
530 1187 545 1228 t
583 1219 981 1228 .........
1021 1184 1104 1228 lius
1151 1185 1190 1228 in
1227 1185 1471 1231 Demetrio?
1544 1187 1607 1231 De

128 1255 331 1311 tapeta,
372 1255 596 1311 tapetae
633 1254 686 1297 cf.
723 1252 882 1296 Placidi
924 1252 1069 1296 Gloss.
1114 1254 1185 1305 (Α.
1219 1254 1298 1297 Mai
1338 1258 1449 1298 auct.
1477 1255 1605 1299 class.

128 1321 181 1365 III
214 1324 313 1377 481)
354 1321 578 1375 ‘lel)eta‚
615 1322 721 1375 olla,
761 1321 937 1380 generis
967 1321 1182 1365 l'eininiui.'

778 1420 950 1465 XXXV

266 1497 448 1542 Seruius
484 1498 526 1541 in
553 1499 661 1542 Aen.
689 1499 766 1543 XII
794 1505 874 1544 293
917 1503 1038 1543 ‘uam
1069 1499 1170 1542 illud
1204 1499 1323 1543 Ennii
1360 1506 1401 1542 et
1429 1499 1606 1543 Pacuuii

130 1568 301 1625 penitus
339 1567 391 1611 (Ie
427 1582 510 1611 usu
552 1569 754 1622 recessit,
793 1571 840 1611 ut
876 1567 961 1610 hie
993 1574 1202 1622 torrus‚
1241 1568 1370 1611 huius
1399 1567 1501 1612 torri
1536 1568 1607 1611 di-

129 1635 304 1680 canius?

771 1703 962 1748 XXXVI

266 1789 449 1833 Seruius
498 1789 537 1832 in
572 1790 682 1833 Aen.
723 1790 782 1833 Vl
819 1796 897 1834 779
948 1789 1096 1833 ‘uide
1114 1804 1160 1833 n:
1215 1789 1313 1832 (len
1355 1789 1607 1833 naturaliter

130 1857 263 1917 longa
289 1861 368 1911 est,
409 1858 583 1901 breuem
610 1861 749 1902 tamen
776 1859 889 1903 ealn'
923 1858 1057 1915 (etia
1069 1872 1106 1900 n]
1137 1857 1231 1901 cod.
1260 1857 1403 1915 Fuld.)
1438 1858 1607 1916 ‘posuit

129 1929 307 1971 secutus
337 1927 547 1970 Ennium)

757 1995 967 2039 XXXVII

265 2081 532 2126 Censorinus
564 2082 617 2125 de
647 2083 715 2126 die
750 2086 834 2127 nat.
870 2098 904 2126 c.
938 2090 984 2127 15)
1024 2099 1063 2141 p.
1096 2089 1146 2126 57
1184 2081 1307 2125 Jahn.
1348 2080 1452 2124 ‘hoc
1492 2084 1606 2124 tem-

130 2150 232 2208 pus’
272 2150 360 2207 (sc.
393 2151 564 2207 annus)
607 2155 737 2209 ‘quot
778 2152 942 2195 diorum
979 2155 1097 2195 esset
1130 2151 1182 2195 ad
1214 2153 1376 2193 certum
1413 2149 1606 2192 nonduin

128 2218 340 2277 astrologi
379 2219 568 2276 reperire
607 2222 851 2276 potuerunt.
920 2219 1141 2262 Philolaus
1172 2232 1329 2261 anuum
1367 2217 1605 2260 naturalem

129 2287 221 2330 dies
268 2286 427 2330 habere
475 2287 660 2344 prodidit
712 2286 953 2331 CCCLXIII
1157 2290 1200 2330 at
1246 2288 1396 2329 noster
1439 2285 1604 2329 Ennius

130 2354 406 2399 CCCLXVI?

268 2518 536 2564 Censorinus
570 2519 622 2562 de
657 2518 724 2562 (lie
759 2523 842 2563 nat.
878 2534 912 2563 e.
939 2525 990 2562 24
1032 2534 1071 2576 p.
1102 2525 1146 2562 71
1189 2517 1313 2561 Jahn.
1361 2520 1482 2575 ‘post
1522 2531 1604 2560 su-

132 2603 320 2645 premam
354 2589 550 2647 sequitur
589 2602 795 2645 uespera,
835 2591 933 2631 ante
966 2590 1104 2630 ortum
1139 2586 1301 2629 scilicet
1330 2585 1424 2629 eius
1452 2585 1604 2629 stellae

131 2671 259 2714 quain
290 2656 472 2700 Plautus
507 2656 868 2714 uespeiaigiilein,
918 2655 1083 2699 Ennius
1119 2668 1435 2712 uesperum,
1482 2653 1604 2697 Ver-

131 2724 263 2782 gilius
295 2724 510 2782 hesperon
542 2724 756 2782 appellat?

1243 2797 1329 2837 12*
