<?xml version="1.0" encoding="UTF-8"?>
<!DOCTYPE html PUBLIC "-//W3C//DTD XHTML 1.0 Transitional//EN"
    "http://www.w3.org/TR/xhtml1/DTD/xhtml1-transitional.dtd">
<html xmlns="http://www.w3.org/1999/xhtml" xml:lang="en" lang="en">
 <head>
  <title>
</title>
<meta http-equiv="Content-Type" content="text/html;charset=utf-8" />
  <meta name='ocr-system' content='tesseract 3.04.00' />
  <meta name='ocr-capabilities' content='ocr_page ocr_carea ocr_par ocr_line ocrx_word'/>
</head>
<body>
  <div class='ocr_page' id='page_1' title='image "./poesisreliquiae00enniuoft_0187.png"; bbox 0 0 1762 3057; ppageno 0'>
   <div class='ocr_carea' id='block_1_1' title="bbox 687 196 1588 242">
    <p class='ocr_par' dir='ltr' id='par_1_1' title="bbox 687 196 1588 242">
     <span class='ocr_line' id='line_1_1' title="bbox 687 196 1588 242; baseline 0.003 -9"><span class='ocrx_word' id='word_1_1' title='bbox 687 197 1008 242; x_wconf 81' lang='lat' dir='ltr'>RELIQVIAE</span> <span class='ocrx_word' id='word_1_2' title='bbox 1534 196 1588 236; x_wconf 81' lang='grc'><strong>85</strong></span> 
     </span>
    </p>
   </div>
   <div class='ocr_carea' id='block_1_2' title="bbox 119 309 1257 442">
    <p class='ocr_par' dir='ltr' id='par_1_2' title="bbox 119 309 1257 442">
     <span class='ocr_line' id='line_1_2' title="bbox 787 309 906 354; baseline 0 0"><span class='ocrx_word' id='word_1_3' title='bbox 787 309 906 354; x_wconf 90' lang='lat' dir='ltr'><strong>CXX</strong></span> 
     </span>
     <span class='ocr_line' id='line_1_3' title="bbox 119 397 1257 442; baseline 0.004 -4"><span class='ocrx_word' id='word_1_4' title='bbox 119 399 248 440; x_wconf 85' lang='lat'><strong>585.</strong></span> <span class='ocrx_word' id='word_1_5' title='bbox 323 429 330 437; x_wconf 96' lang='lat'><strong>.</strong></span> <span class='ocrx_word' id='word_1_6' title='bbox 407 429 415 437; x_wconf 93' lang='lat'><strong>.</strong></span> <span class='ocrx_word' id='word_1_7' title='bbox 490 429 499 438; x_wconf 82' lang='lat'><strong>.</strong></span> <span class='ocrx_word' id='word_1_8' title='bbox 573 430 581 438; x_wconf 93' lang='lat'><strong>.</strong></span> <span class='ocrx_word' id='word_1_9' title='bbox 656 430 665 438; x_wconf 89' lang='lat'><strong>.</strong></span> <span class='ocrx_word' id='word_1_10' title='bbox 740 431 748 439; x_wconf 91' lang='lat'><strong>.</strong></span> <span class='ocrx_word' id='word_1_11' title='bbox 823 431 831 440; x_wconf 91' lang='lat'><strong>.</strong></span> <span class='ocrx_word' id='word_1_12' title='bbox 905 397 972 441; x_wconf 87' lang='lat' dir='ltr'><strong>eia</strong></span> <span class='ocrx_word' id='word_1_13' title='bbox 1003 397 1257 442; x_wconf 77' lang='lat' dir='ltr'>machaeras</span> 
     </span>
    </p>
   </div>
   <div class='ocr_carea' id='block_1_3' title="bbox 765 495 902 541">
    <p class='ocr_par' dir='ltr' id='par_1_3' title="bbox 765 495 902 541">
     <span class='ocr_line' id='line_1_4' title="bbox 765 495 902 541; baseline 0.007 -1"><span class='ocrx_word' id='word_1_14' title='bbox 765 495 902 541; x_wconf 89' lang='lat' dir='ltr'>CXXI</span> 
     </span>
    </p>
   </div>
   <div class='ocr_carea' id='block_1_4' title="bbox 654 583 1318 627">
    <p class='ocr_par' dir='ltr' id='par_1_4' title="bbox 654 583 1318 627">
     <span class='ocr_line' id='line_1_5' title="bbox 654 583 1318 627; baseline 0.003 -3"><span class='ocrx_word' id='word_1_15' title='bbox 654 594 763 626; x_wconf 87' lang='lat' dir='ltr'><strong>saxo</strong></span> <span class='ocrx_word' id='word_1_16' title='bbox 792 597 890 627; x_wconf 87' lang='lat' dir='ltr'><strong>cere</strong></span> <span class='ocrx_word' id='word_1_17' title='bbox 921 583 1170 627; x_wconf 77' lang='lat' dir='ltr'>comminuit</span> <span class='ocrx_word' id='word_1_18' title='bbox 1198 583 1318 627; x_wconf 76' lang='lat' dir='ltr'><strong>bruni</strong></span> 
     </span>
    </p>
   </div>
   <div class='ocr_carea' id='block_1_5' title="bbox 765 680 922 726">
    <p class='ocr_par' dir='ltr' id='par_1_5' title="bbox 765 680 922 726">
     <span class='ocr_line' id='line_1_6' title="bbox 765 680 922 726; baseline 0 0"><span class='ocrx_word' id='word_1_19' title='bbox 765 680 922 726; x_wconf 88' lang='lat' dir='ltr'>CXXII</span> 
     </span>
    </p>
   </div>
   <div class='ocr_carea' id='block_1_6' title="bbox 653 760 1326 820">
    <p class='ocr_par' dir='ltr' id='par_1_6' title="bbox 653 760 1326 820">
     <span class='ocr_line' id='line_1_7' title="bbox 653 760 1326 820; baseline 0.004 -17"><span class='ocrx_word' id='word_1_20' title='bbox 653 773 780 818; x_wconf 89' lang='lat' dir='ltr'><strong>quem</strong></span> <span class='ocrx_word' id='word_1_21' title='bbox 810 774 897 805; x_wconf 90' lang='lat' dir='ltr'><strong>non</strong></span> <span class='ocrx_word' id='word_1_22' title='bbox 925 760 1098 804; x_wconf 82' lang='lat' dir='ltr'><strong>uirtutis</strong></span> <span class='ocrx_word' id='word_1_23' title='bbox 1125 764 1326 820; x_wconf 76' lang='lat' dir='ltr'><strong>egentem</strong></span> 
     </span>
    </p>
   </div>
   <div class='ocr_carea' id='block_1_7' title="bbox 483 859 1282 1001">
    <p class='ocr_par' dir='ltr' id='par_1_7' title="bbox 483 859 1282 1001">
     <span class='ocr_line' id='line_1_8' title="bbox 747 859 923 906; baseline 0 -1"><span class='ocrx_word' id='word_1_24' title='bbox 747 859 923 906; x_wconf 90' lang='lat' dir='ltr'>CXXIII</span> 
     </span>
     <span class='ocr_line' id='line_1_9' title="bbox 483 939 1282 1001; baseline 0.005 -19"><span class='ocrx_word' id='word_1_25' title='bbox 483 939 760 1001; x_wconf 82' lang='lat' dir='ltr'><strong>funduntque</strong></span> <span class='ocrx_word' id='word_1_26' title='bbox 785 941 911 986; x_wconf 83' lang='lat' dir='ltr'><strong>elatis</strong></span> <span class='ocrx_word' id='word_1_27' title='bbox 940 942 1117 986; x_wconf 87' lang='lat' dir='ltr'><strong>naribus</strong></span> <span class='ocrx_word' id='word_1_28' title='bbox 1144 942 1282 986; x_wconf 88' lang='lat' dir='ltr'><strong>lucem</strong></span> 
     </span>
    </p>
   </div>
   <div class='ocr_carea' id='block_1_8' title="bbox 741 1040 1168 1180">
    <p class='ocr_par' dir='ltr' id='par_1_8' title="bbox 741 1040 1168 1180">
     <span class='ocr_line' id='line_1_10' title="bbox 741 1040 926 1086; baseline 0 0"><span class='ocrx_word' id='word_1_29' title='bbox 741 1040 879 1086; x_wconf 89' lang='lat' dir='ltr'>CXXI</span> <span class='ocrx_word' id='word_1_30' title='bbox 887 1042 926 1085; x_wconf 88' lang='lat' dir='ltr'>V</span> 
     </span>
     <span class='ocr_line' id='line_1_11' title="bbox 811 1120 1168 1180; baseline 0.003 -16"><span class='ocrx_word' id='word_1_31' title='bbox 811 1120 986 1180; x_wconf 76' lang='lat' dir='ltr'><strong>teloque</strong></span> <span class='ocrx_word' id='word_1_32' title='bbox 1015 1121 1168 1165; x_wconf 79' lang='lat' dir='ltr'>trabali</span> 
     </span>
    </p>
   </div>
   <div class='ocr_carea' id='block_1_9' title="bbox 110 1218 941 1355">
    <p class='ocr_par' dir='ltr' id='par_1_9' title="bbox 110 1218 941 1355">
     <span class='ocr_line' id='line_1_12' title="bbox 744 1218 909 1263; baseline -0.006 0"><span class='ocrx_word' id='word_1_33' title='bbox 744 1218 909 1263; x_wconf 89' lang='lat' dir='ltr'>CXXV</span> 
     </span>
     <span class='ocr_line' id='line_1_13' title="bbox 110 1296 941 1355; baseline 0.004 -17"><span class='ocrx_word' id='word_1_34' title='bbox 110 1300 190 1339; x_wconf 86' lang='lat'><strong>590</strong></span> <span class='ocrx_word' id='word_1_35' title='bbox 728 1296 941 1355; x_wconf 80' lang='lat' dir='ltr'><strong>aplustria</strong></span> 
     </span>
    </p>
   </div>
   <div class='ocr_carea' id='block_1_10' title="bbox 83 1428 1575 2575">
    <p class='ocr_par' dir='ltr' id='par_1_10' title="bbox 83 1428 1575 2575">
     <span class='ocr_line' id='line_1_14' title="bbox 90 1428 1575 1472; baseline 0.001 -14"><span class='ocrx_word' id='word_1_36' title='bbox 90 1429 165 1459; x_wconf 84' lang='lat' dir='ltr'><strong>nius</strong></span> <span class='ocrx_word' id='word_1_37' title='bbox 193 1428 224 1459; x_wconf 91' lang='lat' dir='ltr'><strong>in</strong></span> <span class='ocrx_word' id='word_1_38' title='bbox 252 1429 335 1459; x_wconf 75' lang='lat' dir='ltr'><strong>Aen.</strong></span> <span class='ocrx_word' id='word_1_39' title='bbox 367 1429 411 1459; x_wconf 86' lang='lat' dir='ltr'><strong>vt</strong></span> <span class='ocrx_word' id='word_1_40' title='bbox 442 1428 509 1460; x_wconf 83' lang='lat'><strong>705</strong></span> <span class='ocrx_word' id='word_1_41' title='bbox 550 1430 557 1444; x_wconf 86' lang='lat'>‘</span> <span class='ocrx_word' id='word_1_42' title='bbox 571 1437 766 1470; x_wconf 82' lang='lat' dir='ltr'><strong>praenatat:</strong></span> <span class='ocrx_word' id='word_1_43' title='bbox 806 1431 1011 1472; x_wconf 76' lang='lat' dir='ltr'><strong>praeterfluit</strong></span> <span class='ocrx_word' id='word_1_44' title='bbox 1047 1436 1077 1461; x_wconf 81' lang='lat' dir='ltr'><strong>et</strong></span> <span class='ocrx_word' id='word_1_45' title='bbox 1114 1430 1278 1461; x_wconf 85' lang='lat' dir='ltr'><strong>contrarie</strong></span> <span class='ocrx_word' id='word_1_46' title='bbox 1313 1428 1446 1459; x_wconf 84' lang='lat' dir='ltr'><strong>dicitur.</strong></span> <span class='ocrx_word' id='word_1_47' title='bbox 1492 1428 1575 1459; x_wconf 77' lang='lat' dir='ltr'><strong>Nam</strong></span> 
     </span>
     <span class='ocr_line' id='line_1_15' title="bbox 90 1476 1574 1518; baseline 0.001 -13"><span class='ocrx_word' id='word_1_48' title='bbox 90 1484 153 1505; x_wconf 88' lang='lat' dir='ltr'><strong>non</strong></span> <span class='ocrx_word' id='word_1_49' title='bbox 179 1480 295 1505; x_wconf 73' lang='lat' dir='ltr'><strong>natant</strong></span> <span class='ocrx_word' id='word_1_50' title='bbox 319 1484 426 1515; x_wconf 84' lang='lat' dir='ltr'><strong>aquae</strong></span> <span class='ocrx_word' id='word_1_51' title='bbox 454 1480 504 1505; x_wconf 81' lang='lat' dir='ltr'><strong>set</strong></span> <span class='ocrx_word' id='word_1_52' title='bbox 524 1484 584 1506; x_wconf 88' lang='lat' dir='ltr'><strong>nos</strong></span> <span class='ocrx_word' id='word_1_53' title='bbox 604 1476 638 1506; x_wconf 88' lang='lat' dir='ltr'><strong>in</strong></span> <span class='ocrx_word' id='word_1_54' title='bbox 666 1477 751 1518; x_wconf 86' lang='lat' dir='ltr'><strong>ipsis</strong></span> <span class='ocrx_word' id='word_1_55' title='bbox 775 1484 939 1508; x_wconf 82' lang='lat' dir='ltr'><strong>natamus.</strong></span> <span class='ocrx_word' id='word_1_56' title='bbox 991 1477 1134 1507; x_wconf 87' lang='lat' dir='ltr'><strong>Ennium</strong></span> <span class='ocrx_word' id='word_1_57' title='bbox 1167 1477 1269 1518; x_wconf 83' lang='lat' dir='ltr'><strong>igitur</strong></span> <span class='ocrx_word' id='word_1_58' title='bbox 1293 1482 1427 1506; x_wconf 82' lang='lat' dir='ltr'><strong>secutus</strong></span> <span class='ocrx_word' id='word_1_59' title='bbox 1447 1480 1495 1505; x_wconf 83' lang='lat' dir='ltr'><strong>est</strong></span> <span class='ocrx_word' id='word_1_60' title='bbox 1517 1476 1574 1514; x_wconf 82' lang='lat' dir='ltr'><strong>qui</strong></span> 
     </span>
     <span class='ocr_line' id='line_1_16' title="bbox 89 1520 1574 1560; baseline 0 -9"><span class='ocrx_word' id='word_1_61' title='bbox 89 1521 152 1551; x_wconf 88' lang='lat' dir='ltr'><strong>ait:</strong></span> <span class='ocrx_word' id='word_1_62' title='bbox 190 1520 444 1560; x_wconf 70' lang='lat' dir='ltr'><strong>fluctusque</strong></span> <span class='ocrx_word' id='word_1_63' title='bbox 475 1524 700 1553; x_wconf 55' lang='lat' dir='ltr'><strong>natantes-J</strong></span> <span class='ocrx_word' id='word_1_64' title='bbox 799 1523 891 1554; x_wconf 85' lang='lat' dir='ltr'><strong>CXX</strong></span> <span class='ocrx_word' id='word_1_65' title='bbox 916 1523 1055 1554; x_wconf 85' lang='lat' dir='ltr'><strong>Seruius</strong></span> <span class='ocrx_word' id='word_1_66' title='bbox 1076 1523 1108 1553; x_wconf 90' lang='lat' dir='ltr'><strong>in</strong></span> <span class='ocrx_word' id='word_1_67' title='bbox 1130 1523 1212 1553; x_wconf 72' lang='lat' dir='ltr'><strong>Aen.</strong></span> <span class='ocrx_word' id='word_1_68' title='bbox 1234 1522 1281 1553; x_wconf 85' lang='lat' dir='ltr'><strong>IX</strong></span> <span class='ocrx_word' id='word_1_69' title='bbox 1302 1520 1346 1552; x_wconf 80' lang='lat'><strong>38</strong></span> <span class='ocrx_word' id='word_1_70' title='bbox 1367 1521 1494 1552; x_wconf 86' lang='lat' dir='ltr'><strong>‘hostis</strong></span> <span class='ocrx_word' id='word_1_71' title='bbox 1514 1521 1574 1551; x_wconf 78' lang='lat' dir='ltr'><strong>ad-</strong></span> 
     </span>
     <span class='ocr_line' id='line_1_17' title="bbox 89 1565 1573 1610; baseline 0 -13"><span class='ocrx_word' id='word_1_72' title='bbox 89 1573 138 1597; x_wconf 83' lang='lat' dir='ltr'><strong>est</strong></span> <span class='ocrx_word' id='word_1_73' title='bbox 158 1567 226 1597; x_wconf 86' lang='lat' dir='ltr'><strong>eia:</strong></span> <span class='ocrx_word' id='word_1_74' title='bbox 255 1565 311 1597; x_wconf 78' lang='lat' dir='ltr'><strong>hic</strong></span> <span class='ocrx_word' id='word_1_75' title='bbox 334 1567 609 1607; x_wconf 77' lang='lat' dir='ltr'><strong>distinguendum</strong></span> <span class='ocrx_word' id='word_1_76' title='bbox 624 1592 631 1601; x_wconf 83' lang='lat'><em>,</em></span> <span class='ocrx_word' id='word_1_77' title='bbox 659 1574 693 1599; x_wconf 90' lang='lat' dir='ltr'><strong>ut</strong></span> <span class='ocrx_word' id='word_1_78' title='bbox 716 1569 779 1599; x_wconf 86' lang='lat' dir='ltr'><strong>eia</strong></span> <span class='ocrx_word' id='word_1_79' title='bbox 803 1569 947 1600; x_wconf 82' lang='lat' dir='ltr'><strong>militum</strong></span> <span class='ocrx_word' id='word_1_80' title='bbox 968 1570 1011 1600; x_wconf 88' lang='lat' dir='ltr'><strong>sit</strong></span> <span class='ocrx_word' id='word_1_81' title='bbox 1030 1569 1283 1610; x_wconf 65' lang='lat' dir='ltr'><strong>properantium</strong></span> <span class='ocrx_word' id='word_1_82' title='bbox 1301 1568 1444 1603; x_wconf 54' lang='lat' dir='ltr'><strong>eleimon</strong></span> <span class='ocrx_word' id='word_1_83' title='bbox 1471 1572 1502 1597; x_wconf 90' lang='lat' dir='ltr'><strong>et</strong></span> <span class='ocrx_word' id='word_1_84' title='bbox 1523 1572 1573 1598; x_wconf 84' lang='lat' dir='ltr'><strong>est</strong></span> 
     </span>
     <span class='ocr_line' id='line_1_18' title="bbox 89 1613 1572 1656; baseline 0.001 -13"><span class='ocrx_word' id='word_1_85' title='bbox 89 1613 277 1644; x_wconf 87' lang='lat' dir='ltr'><strong>Ennianum</strong></span> <span class='ocrx_word' id='word_1_86' title='bbox 292 1613 348 1653; x_wconf 85' lang='lat' dir='ltr'><strong>qui</strong></span> <span class='ocrx_word' id='word_1_87' title='bbox 364 1613 426 1643; x_wconf 85' lang='lat' dir='ltr'><strong>ait:</strong></span> <span class='ocrx_word' id='word_1_88' title='bbox 456 1613 524 1643; x_wconf 81' lang='lat' dir='ltr'><strong>eia</strong></span> <span class='ocrx_word' id='word_1_89' title='bbox 545 1613 826 1645; x_wconf 51' lang='lat' dir='ltr'><strong>maenam-ass</strong></span> <span class='ocrx_word' id='word_1_90' title='bbox 853 1616 949 1656; x_wconf 89' lang='lat' dir='ltr'><strong>(qui</strong></span> <span class='ocrx_word' id='word_1_91' title='bbox 975 1614 1110 1645; x_wconf 79' lang='lat' dir='ltr'><strong>itlieia</strong></span> <span class='ocrx_word' id='word_1_92' title='bbox 1132 1625 1175 1645; x_wconf 87' lang='lat' dir='ltr'><strong>m.</strong></span> <span class='ocrx_word' id='word_1_93' title='bbox 1197 1614 1291 1645; x_wconf 86' lang='lat' dir='ltr'><strong>Leid.</strong></span> <span class='ocrx_word' id='word_1_94' title='bbox 1314 1614 1344 1644; x_wconf 90' lang='lat' dir='ltr'><strong>b.</strong></span> <span class='ocrx_word' id='word_1_95' title='bbox 1369 1614 1468 1653; x_wconf 86' lang='lat' dir='ltr'><strong>quia</strong></span> <span class='ocrx_word' id='word_1_96' title='bbox 1490 1614 1572 1644; x_wconf 85' lang='lat' dir='ltr'><strong>iam</strong></span> 
     </span>
     <span class='ocr_line' id='line_1_19' title="bbox 87 1657 1572 1701; baseline 0.001 -12"><span class='ocrx_word' id='word_1_97' title='bbox 87 1669 131 1689; x_wconf 89' lang='lat' dir='ltr'><strong>m.</strong></span> <span class='ocrx_word' id='word_1_98' title='bbox 158 1657 262 1700; x_wconf 79' lang='lat' dir='ltr'><strong>Reg.)</strong></span> <span class='ocrx_word' id='word_1_99' title='bbox 315 1658 375 1690; x_wconf 85' lang='lat' dir='ltr'><strong>Cui</strong></span> <span class='ocrx_word' id='word_1_100' title='bbox 405 1668 562 1690; x_wconf 85' lang='lat' dir='ltr'><strong>uersuum</strong></span> <span class='ocrx_word' id='word_1_101' title='bbox 591 1661 707 1700; x_wconf 82' lang='lat' dir='ltr'><strong>generi</strong></span> <span class='ocrx_word' id='word_1_102' title='bbox 736 1661 975 1691; x_wconf 79' lang='lat' dir='ltr'><strong>ascribendum</strong></span> <span class='ocrx_word' id='word_1_103' title='bbox 1002 1661 1045 1691; x_wconf 84' lang='lat' dir='ltr'><strong>sit</strong></span> <span class='ocrx_word' id='word_1_104' title='bbox 1073 1661 1264 1701; x_wconf 84' lang='lat' dir='ltr'><strong>poemation</strong></span> <span class='ocrx_word' id='word_1_105' title='bbox 1291 1659 1431 1691; x_wconf 88' lang='lat' dir='ltr'><strong>dubium</strong></span> <span class='ocrx_word' id='word_1_106' title='bbox 1460 1664 1572 1690; x_wconf 85' lang='lat' dir='ltr'><strong>censet</strong></span> 
     </span>
     <span class='ocr_line' id='line_1_20' title="bbox 88 1704 1570 1747; baseline 0 -11"><span class='ocrx_word' id='word_1_107' title='bbox 88 1704 325 1736; x_wconf 84' lang='lat' dir='ltr'><strong>Lachmannus</strong></span> <span class='ocrx_word' id='word_1_108' title='bbox 346 1705 390 1736; x_wconf 86' lang='lat' dir='ltr'><strong>ad</strong></span> <span class='ocrx_word' id='word_1_109' title='bbox 409 1704 507 1735; x_wconf 87' lang='lat' dir='ltr'><strong>Lucr.</strong></span> <span class='ocrx_word' id='word_1_110' title='bbox 531 1706 575 1735; x_wconf 94' lang='lat' dir='ltr'><strong>III</strong></span> <span class='ocrx_word' id='word_1_111' title='bbox 597 1704 664 1736; x_wconf 86' lang='grc'><strong>374</strong></span> <span class='ocrx_word' id='word_1_112' title='bbox 687 1706 797 1747; x_wconf 80' lang='lat' dir='ltr'><strong>p.164</strong></span> <span class='ocrx_word' id='word_1_113' title='bbox 823 1707 883 1737; x_wconf 85' lang='lat' dir='ltr'><strong>sed</strong></span> <span class='ocrx_word' id='word_1_114' title='bbox 904 1706 947 1738; x_wconf 83' lang='lat' dir='ltr'><strong>ef.</strong></span> <span class='ocrx_word' id='word_1_115' title='bbox 972 1706 1176 1737; x_wconf 74' lang='lat' dir='ltr'><strong>Ritscliclius</strong></span> <span class='ocrx_word' id='word_1_116' title='bbox 1198 1705 1284 1736; x_wconf 86' lang='lat' dir='ltr'><strong>I&#39;rol.</strong></span> <span class='ocrx_word' id='word_1_117' title='bbox 1306 1705 1397 1736; x_wconf 91' lang='lat' dir='ltr'><strong>Trin.</strong></span> <span class='ocrx_word' id='word_1_118' title='bbox 1421 1705 1570 1746; x_wconf 77' lang='lat' dir='ltr'><strong>p.CXC[</strong></span> 
     </span>
     <span class='ocr_line' id='line_1_21' title="bbox 86 1750 1569 1792; baseline -0.001 -10"><span class='ocrx_word' id='word_1_119' title='bbox 86 1752 222 1792; x_wconf 82' lang='lat' dir='ltr'><strong>Parerg.</strong></span> <span class='ocrx_word' id='word_1_120' title='bbox 243 1752 256 1781; x_wconf 97' lang='lat' dir='ltr'>I</span> <span class='ocrx_word' id='word_1_121' title='bbox 277 1751 345 1783; x_wconf 83' lang='grc'><strong>454</strong></span> <span class='ocrx_word' id='word_1_122' title='bbox 438 1750 545 1782; x_wconf 83' lang='lat' dir='ltr'>CXXI</span> <span class='ocrx_word' id='word_1_123' title='bbox 581 1750 721 1783; x_wconf 86' lang='lat' dir='ltr'><strong>Seruius</strong></span> <span class='ocrx_word' id='word_1_124' title='bbox 749 1753 781 1783; x_wconf 89' lang='lat' dir='ltr'><strong>in</strong></span> <span class='ocrx_word' id='word_1_125' title='bbox 813 1754 897 1783; x_wconf 59' lang='lat' dir='ltr'><strong>⁴Xen.</strong></span> <span class='ocrx_word' id='word_1_126' title='bbox 929 1753 941 1783; x_wconf 97' lang='lat' dir='ltr'>I</span> <span class='ocrx_word' id='word_1_127' title='bbox 973 1752 1039 1784; x_wconf 71' lang='lat'><strong>412</strong></span> <span class='ocrx_word' id='word_1_128' title='bbox 1077 1751 1156 1783; x_wconf 77' lang='lat' dir='ltr'><strong>‘sed</strong></span> <span class='ocrx_word' id='word_1_129' title='bbox 1184 1751 1263 1783; x_wconf 83' lang='lat' dir='ltr'><strong>hoc&#39;</strong></span> <span class='ocrx_word' id='word_1_130' title='bbox 1291 1752 1443 1792; x_wconf 81' lang='lat' dir='ltr'><strong>(tmesim</strong></span> <span class='ocrx_word' id='word_1_131' title='bbox 1470 1750 1569 1791; x_wconf 82' lang='lat' dir='ltr'><strong>(licit)</strong></span> 
     </span>
     <span class='ocr_line' id='line_1_22' title="bbox 88 1796 1568 1839; baseline 0 -12"><span class='ocrx_word' id='word_1_132' title='bbox 88 1796 283 1828; x_wconf 84' lang='lat' dir='ltr'><strong>‘tolerabile</strong></span> <span class='ocrx_word' id='word_1_133' title='bbox 303 1802 351 1828; x_wconf 84' lang='lat' dir='ltr'><strong>est</strong></span> <span class='ocrx_word' id='word_1_134' title='bbox 372 1797 405 1827; x_wconf 85' lang='lat' dir='ltr'><strong>iu</strong></span> <span class='ocrx_word' id='word_1_135' title='bbox 426 1806 580 1828; x_wconf 80' lang='lat' dir='ltr'><strong>sermone</strong></span> <span class='ocrx_word' id='word_1_136' title='bbox 599 1799 807 1839; x_wconf 81' lang='lat' dir='ltr'><strong>composito;</strong></span> <span class='ocrx_word' id='word_1_137' title='bbox 829 1804 975 1830; x_wconf 85' lang='lat' dir='ltr'><strong>ceterum</strong></span> <span class='ocrx_word' id='word_1_138' title='bbox 996 1799 1026 1829; x_wconf 92' lang='lat' dir='ltr'><strong>in</strong></span> <span class='ocrx_word' id='word_1_139' title='bbox 1045 1798 1193 1839; x_wconf 72' lang='lat' dir='ltr'><strong>simplici</strong></span> <span class='ocrx_word' id='word_1_140' title='bbox 1211 1798 1311 1828; x_wconf 87' lang='lat' dir='ltr'><strong>nimis</strong></span> <span class='ocrx_word' id='word_1_141' title='bbox 1330 1802 1379 1828; x_wconf 85' lang='lat' dir='ltr'><strong>est</strong></span> <span class='ocrx_word' id='word_1_142' title='bbox 1396 1796 1568 1838; x_wconf 79' lang='lat' dir='ltr'><strong>asperum,</strong></span> 
     </span>
     <span class='ocr_line' id='line_1_23' title="bbox 86 1842 1570 1886; baseline 0 -13"><span class='ocrx_word' id='word_1_143' title='bbox 86 1843 176 1883; x_wconf 84' lang='lat' dir='ltr'><strong>quod</strong></span> <span class='ocrx_word' id='word_1_144' title='bbox 197 1848 307 1874; x_wconf 85' lang='lat' dir='ltr'><strong>tamen</strong></span> <span class='ocrx_word' id='word_1_145' title='bbox 326 1842 471 1874; x_wconf 81' lang='lat' dir='ltr'><strong>faciebat</strong></span> <span class='ocrx_word' id='word_1_146' title='bbox 489 1844 672 1883; x_wconf 74' lang='lat' dir='ltr'><strong>antiquitas</strong></span> <span class='ocrx_word' id='word_1_147' title='bbox 698 1849 733 1874; x_wconf 88' lang='lat' dir='ltr'><strong>ut</strong></span> <span class='ocrx_word' id='word_1_148' title='bbox 758 1845 810 1875; x_wconf 86' lang='lat' dir='ltr'><strong>iu:</strong></span> <span class='ocrx_word' id='word_1_149' title='bbox 845 1846 946 1876; x_wconf 83' lang='lat' dir='ltr'><strong>saxo’</strong></span> <span class='ocrx_word' id='word_1_150' title='bbox 974 1856 1002 1875; x_wconf 84' lang='lat' dir='ltr'><strong>e.</strong></span> <span class='ocrx_word' id='word_1_151' title='bbox 1028 1854 1058 1884; x_wconf 90' lang='lat' dir='ltr'><strong>q.</strong></span> <span class='ocrx_word' id='word_1_152' title='bbox 1082 1854 1108 1875; x_wconf 87' lang='lat' dir='ltr'><strong>s.</strong></span> <span class='ocrx_word' id='word_1_153' title='bbox 1160 1843 1231 1886; x_wconf 87' lang='lat' dir='ltr'><strong>(ut</strong></span> <span class='ocrx_word' id='word_1_154' title='bbox 1258 1844 1296 1874; x_wconf 88' lang='lat' dir='ltr'><strong>in</strong></span> <span class='ocrx_word' id='word_1_155' title='bbox 1327 1843 1405 1874; x_wconf 90' lang='lat' dir='ltr'><strong>illo</strong></span> <span class='ocrx_word' id='word_1_156' title='bbox 1432 1843 1570 1874; x_wconf 85' lang='lat' dir='ltr'><strong>Ennii</strong></span> 
     </span>
     <span class='ocr_line' id='line_1_24' title="bbox 87 1888 1570 1932; baseline -0.001 -12"><span class='ocrx_word' id='word_1_157' title='bbox 87 1889 282 1927; x_wconf 83' lang='lat' dir='ltr'><strong>Fabricius,</strong></span> <span class='ocrx_word' id='word_1_158' title='bbox 319 1888 501 1925; x_wconf 83' lang='lat' dir='ltr'><strong>Columna,</strong></span> <span class='ocrx_word' id='word_1_159' title='bbox 536 1890 592 1929; x_wconf 90' lang='lat' dir='ltr'><strong>qui</strong></span> <span class='ocrx_word' id='word_1_160' title='bbox 623 1890 655 1920; x_wconf 91' lang='lat' dir='ltr'><strong>in</strong></span> <span class='ocrx_word' id='word_1_161' title='bbox 684 1891 794 1932; x_wconf 77' lang='lat' dir='ltr'><strong>Mspto</strong></span> <span class='ocrx_word' id='word_1_162' title='bbox 821 1890 961 1922; x_wconf 88' lang='lat' dir='ltr'><strong>Sertorii</strong></span> <span class='ocrx_word' id='word_1_163' title='bbox 983 1890 1202 1928; x_wconf 87' lang='lat' dir='ltr'><strong>Quadrimani</strong></span> <span class='ocrx_word' id='word_1_164' title='bbox 1230 1900 1271 1921; x_wconf 84' lang='lat' dir='ltr'><strong>ex</strong></span> <span class='ocrx_word' id='word_1_165' title='bbox 1302 1889 1408 1920; x_wconf 86' lang='lat' dir='ltr'><strong>Ennio</strong></span> <span class='ocrx_word' id='word_1_166' title='bbox 1433 1898 1570 1920; x_wconf 88' lang='lat' dir='ltr'><strong>uersum</strong></span> 
     </span>
     <span class='ocr_line' id='line_1_25' title="bbox 86 1933 1565 1978; baseline 0 -13"><span class='ocrx_word' id='word_1_167' title='bbox 86 1935 182 1966; x_wconf 78' lang='lat' dir='ltr'><strong>citari</strong></span> <span class='ocrx_word' id='word_1_168' title='bbox 201 1934 359 1973; x_wconf 83' lang='lat' dir='ltr'><strong>testatur)</strong></span> <span class='ocrx_word' id='word_1_169' title='bbox 409 1935 559 1966; x_wconf 77' lang='lat' dir='ltr'><strong>Donatus</strong></span> <span class='ocrx_word' id='word_1_170' title='bbox 591 1935 631 1966; x_wconf 84' lang='lat' dir='ltr'><strong>de</strong></span> <span class='ocrx_word' id='word_1_171' title='bbox 652 1937 758 1978; x_wconf 90' lang='lat' dir='ltr'><strong>tropis</strong></span> <span class='ocrx_word' id='word_1_172' title='bbox 786 1947 819 1978; x_wconf 91' lang='lat' dir='ltr'><strong>p.</strong></span> <span class='ocrx_word' id='word_1_173' title='bbox 849 1936 936 1968; x_wconf 87' lang='lat'><strong>1777</strong></span> <span class='ocrx_word' id='word_1_174' title='bbox 956 1937 992 1970; x_wconf 86' lang='lat' dir='ltr'><strong>P.</strong></span> <span class='ocrx_word' id='word_1_175' title='bbox 1026 1935 1088 1977; x_wconf 81' lang='lat'><strong>(35</strong></span> <span class='ocrx_word' id='word_1_176' title='bbox 1108 1934 1227 1975; x_wconf 87' lang='lat' dir='ltr'><strong>Lind.)</strong></span> <span class='ocrx_word' id='word_1_177' title='bbox 1261 1933 1413 1976; x_wconf 65' lang='grc' dir='ltr'><strong>ιτμῆσις</strong></span> <span class='ocrx_word' id='word_1_178' title='bbox 1513 1940 1565 1966; x_wconf 78' lang='lat' dir='ltr'><strong>ut:</strong></span> 
     </span>
     <span class='ocr_line' id='line_1_26' title="bbox 85 1981 1569 2023; baseline 0 -11"><span class='ocrx_word' id='word_1_179' title='bbox 85 1986 214 2023; x_wconf 83' lang='lat' dir='ltr'><strong>septem</strong></span> <span class='ocrx_word' id='word_1_180' title='bbox 233 1981 384 2013; x_wconf 82' lang='lat' dir='ltr'><strong>subiecta</strong></span> <span class='ocrx_word' id='word_1_181' title='bbox 408 1982 519 2018; x_wconf 88' lang='lat' dir='ltr'><strong>tri0ni;</strong></span> <span class='ocrx_word' id='word_1_182' title='bbox 547 1987 594 2013; x_wconf 85' lang='lat' dir='ltr'><strong>et:</strong></span> <span class='ocrx_word' id='word_1_183' title='bbox 626 1984 726 2013; x_wconf 84' lang='lat' dir='ltr'><strong>saxo&#39;</strong></span> <span class='ocrx_word' id='word_1_184' title='bbox 755 1994 782 2013; x_wconf 76' lang='lat' dir='ltr'><strong>c.</strong></span> <span class='ocrx_word' id='word_1_185' title='bbox 807 1993 839 2022; x_wconf 83' lang='lat' dir='ltr'><strong>q.</strong></span> <span class='ocrx_word' id='word_1_186' title='bbox 861 1993 887 2013; x_wconf 84' lang='lat' dir='ltr'><strong>s.</strong></span> <span class='ocrx_word' id='word_1_187' title='bbox 985 1982 1109 2014; x_wconf 84' lang='lat' dir='ltr'>CXXII</span> <span class='ocrx_word' id='word_1_188' title='bbox 1135 1982 1275 2013; x_wconf 87' lang='lat' dir='ltr'><strong>Seruius</strong></span> <span class='ocrx_word' id='word_1_189' title='bbox 1296 1982 1329 2011; x_wconf 91' lang='lat' dir='ltr'><strong>in</strong></span> <span class='ocrx_word' id='word_1_190' title='bbox 1352 1982 1435 2012; x_wconf 84' lang='lat' dir='ltr'><strong>Aen.</strong></span> <span class='ocrx_word' id='word_1_191' title='bbox 1459 1981 1506 2012; x_wconf 89' lang='lat' dir='ltr'><strong>XI</strong></span> <span class='ocrx_word' id='word_1_192' title='bbox 1525 1982 1569 2013; x_wconf 86' lang='lat'><strong>27</strong></span> 
     </span>
     <span class='ocr_line' id='line_1_27' title="bbox 87 2027 1568 2069; baseline 0 -11"><span class='ocrx_word' id='word_1_193' title='bbox 87 2032 94 2043; x_wconf 92' lang='lat'>‘</span> <span class='ocrx_word' id='word_1_194' title='bbox 106 2038 204 2067; x_wconf 85' lang='lat' dir='ltr'><strong>quern</strong></span> <span class='ocrx_word' id='word_1_195' title='bbox 219 2037 284 2058; x_wconf 89' lang='lat' dir='ltr'><strong>non</strong></span> <span class='ocrx_word' id='word_1_196' title='bbox 301 2028 434 2058; x_wconf 88' lang='lat' dir='ltr'><strong>uirtutis</strong></span> <span class='ocrx_word' id='word_1_197' title='bbox 450 2033 621 2069; x_wconf 81' lang='lat' dir='ltr'><strong>egentem:</strong></span> <span class='ocrx_word' id='word_1_198' title='bbox 643 2028 742 2059; x_wconf 88' lang='lat' dir='ltr'><strong>Ennii</strong></span> <span class='ocrx_word' id='word_1_199' title='bbox 757 2038 874 2059; x_wconf 84' lang='lat' dir='ltr'><strong>uersus</strong></span> <span class='ocrx_word' id='word_1_200' title='bbox 889 2029 962 2059; x_wconf 87' lang='lat' dir='ltr'><strong>est.&#39;</strong></span> <span class='ocrx_word' id='word_1_201' title='bbox 1042 2028 1182 2060; x_wconf 84' lang='lat' dir='ltr'>CXXIII</span> <span class='ocrx_word' id='word_1_202' title='bbox 1203 2028 1342 2059; x_wconf 88' lang='lat' dir='ltr'><strong>Seruius</strong></span> <span class='ocrx_word' id='word_1_203' title='bbox 1357 2028 1390 2058; x_wconf 89' lang='lat' dir='ltr'><strong>in</strong></span> <span class='ocrx_word' id='word_1_204' title='bbox 1404 2028 1488 2058; x_wconf 78' lang='lat' dir='ltr'><strong>Aen.</strong></span> <span class='ocrx_word' id='word_1_205' title='bbox 1504 2027 1568 2058; x_wconf 88' lang='lat' dir='ltr'><strong>XII</strong></span> 
     </span>
     <span class='ocr_line' id='line_1_28' title="bbox 88 2073 1566 2113; baseline 0 -9"><span class='ocrx_word' id='word_1_206' title='bbox 88 2073 152 2106; x_wconf 83' lang='lat'><strong>115</strong></span> <span class='ocrx_word' id='word_1_207' title='bbox 174 2074 369 2113; x_wconf 80' lang='lat' dir='ltr'><strong>‘lucemque</strong></span> <span class='ocrx_word' id='word_1_208' title='bbox 388 2073 484 2105; x_wconf 83' lang='lat' dir='ltr'><strong>elatis</strong></span> <span class='ocrx_word' id='word_1_209' title='bbox 503 2074 641 2105; x_wconf 85' lang='lat' dir='ltr'><strong>naribus</strong></span> <span class='ocrx_word' id='word_1_210' title='bbox 661 2074 793 2106; x_wconf 83' lang='lat' dir='ltr'><strong>efflant:</strong></span> <span class='ocrx_word' id='word_1_211' title='bbox 817 2075 989 2106; x_wconf 75' lang='lat' dir='ltr'><strong>Ennianus</strong></span> <span class='ocrx_word' id='word_1_212' title='bbox 1008 2084 1127 2105; x_wconf 84' lang='lat' dir='ltr'><strong>uersus</strong></span> <span class='ocrx_word' id='word_1_213' title='bbox 1146 2080 1195 2105; x_wconf 81' lang='lat' dir='ltr'><strong>cst</strong></span> <span class='ocrx_word' id='word_1_214' title='bbox 1214 2074 1331 2105; x_wconf 85' lang='lat' dir='ltr'><strong>ordine</strong></span> <span class='ocrx_word' id='word_1_215' title='bbox 1351 2078 1566 2104; x_wconf 77' lang='lat' dir='ltr'><strong>commutato.</strong></span> 
     </span>
     <span class='ocr_line' id='line_1_29' title="bbox 88 2118 1566 2162; baseline 0.001 -12"><span class='ocrx_word' id='word_1_216' title='bbox 88 2119 146 2151; x_wconf 88' lang='lat' dir='ltr'><strong>Ille</strong></span> <span class='ocrx_word' id='word_1_217' title='bbox 165 2120 254 2151; x_wconf 88' lang='lat' dir='ltr'><strong>enim</strong></span> <span class='ocrx_word' id='word_1_218' title='bbox 273 2120 335 2150; x_wconf 83' lang='lat' dir='ltr'><strong>ait:</strong></span> <span class='ocrx_word' id='word_1_219' title='bbox 359 2119 582 2160; x_wconf 75' lang='lat' dir='ltr'><strong>funduntque&#39;</strong></span> <span class='ocrx_word' id='word_1_220' title='bbox 603 2131 631 2151; x_wconf 85' lang='lat' dir='ltr'><strong>e.</strong></span> <span class='ocrx_word' id='word_1_221' title='bbox 648 2131 678 2160; x_wconf 88' lang='lat' dir='ltr'><strong>q.</strong></span> <span class='ocrx_word' id='word_1_222' title='bbox 696 2131 723 2152; x_wconf 89' lang='lat' dir='ltr'><strong>s.</strong></span> <span class='ocrx_word' id='word_1_223' title='bbox 748 2120 873 2152; x_wconf 81' lang='lat' dir='ltr'><strong>Marius</strong></span> <span class='ocrx_word' id='word_1_224' title='bbox 884 2121 1078 2152; x_wconf 72' lang='lat' dir='ltr'><strong>Victorinus</strong></span> <span class='ocrx_word' id='word_1_225' title='bbox 1092 2130 1126 2162; x_wconf 93' lang='lat' dir='ltr'><strong>p.</strong></span> <span class='ocrx_word' id='word_1_226' title='bbox 1140 2120 1274 2152; x_wconf 64' lang='lat'><strong>247211.</strong></span> <span class='ocrx_word' id='word_1_227' title='bbox 1296 2119 1355 2162; x_wconf 80' lang='lat'><strong>(31</strong></span> <span class='ocrx_word' id='word_1_228' title='bbox 1370 2118 1430 2160; x_wconf 82' lang='lat' dir='ltr'><strong>G.)</strong></span> <span class='ocrx_word' id='word_1_229' title='bbox 1452 2121 1459 2134; x_wconf 81' lang='lat'>‘</span> <span class='ocrx_word' id='word_1_230' title='bbox 1472 2120 1566 2151; x_wconf 77' lang='lat' dir='ltr'><strong>uide-</strong></span> 
     </span>
     <span class='ocr_line' id='line_1_30' title="bbox 85 2165 1566 2207; baseline -0.001 -11"><span class='ocrx_word' id='word_1_231' title='bbox 85 2172 137 2196; x_wconf 82' lang='lat' dir='ltr'><strong>tur</strong></span> <span class='ocrx_word' id='word_1_232' title='bbox 154 2165 311 2207; x_wconf 83' lang='lat' dir='ltr'><strong>plurimis</strong></span> <span class='ocrx_word' id='word_1_233' title='bbox 327 2176 401 2197; x_wconf 84' lang='lat' dir='ltr'><strong>esse</strong></span> <span class='ocrx_word' id='word_1_234' title='bbox 419 2166 554 2205; x_wconf 87' lang='lat' dir='ltr'><strong>quintus</strong></span> <span class='ocrx_word' id='word_1_235' title='bbox 573 2167 799 2197; x_wconf 85' lang='lat' dir='ltr'><strong>communium</strong></span> <span class='ocrx_word' id='word_1_236' title='bbox 820 2166 1027 2207; x_wconf 74' lang='lat' dir='ltr'><strong>syllabarum</strong></span> <span class='ocrx_word' id='word_1_237' title='bbox 1046 2167 1166 2198; x_wconf 88' lang='lat' dir='ltr'><strong>modus</strong></span> <span class='ocrx_word' id='word_1_238' title='bbox 1179 2191 1186 2203; x_wconf 82' lang='lat'><strong>‚</strong></span> <span class='ocrx_word' id='word_1_239' title='bbox 1220 2167 1276 2206; x_wconf 90' lang='lat' dir='ltr'><strong>qui</strong></span> <span class='ocrx_word' id='word_1_240' title='bbox 1292 2165 1383 2207; x_wconf 86' lang='lat' dir='ltr'><strong>apud</strong></span> <span class='ocrx_word' id='word_1_241' title='bbox 1399 2165 1566 2196; x_wconf 81' lang='lat' dir='ltr'><strong>Lucilium</strong></span> 
     </span>
     <span class='ocr_line' id='line_1_31' title="bbox 86 2211 1567 2254; baseline -0.001 -12"><span class='ocrx_word' id='word_1_242' title='bbox 86 2217 117 2242; x_wconf 87' lang='lat' dir='ltr'><strong>ct</strong></span> <span class='ocrx_word' id='word_1_243' title='bbox 136 2217 266 2243; x_wconf 87' lang='lat' dir='ltr'><strong>ueteres</strong></span> <span class='ocrx_word' id='word_1_244' title='bbox 285 2211 408 2243; x_wconf 88' lang='lat' dir='ltr'><strong>multos</strong></span> <span class='ocrx_word' id='word_1_245' title='bbox 424 2218 473 2242; x_wconf 84' lang='lat' dir='ltr'><strong>est</strong></span> <span class='ocrx_word' id='word_1_246' title='bbox 491 2211 732 2251; x_wconf 80' lang='lat' dir='ltr'><strong>frequentatus,</strong></span> <span class='ocrx_word' id='word_1_247' title='bbox 754 2219 787 2243; x_wconf 87' lang='lat' dir='ltr'><strong>ut</strong></span> <span class='ocrx_word' id='word_1_248' title='bbox 806 2218 960 2254; x_wconf 81' lang='lat' dir='ltr'><strong>correpta</strong></span> <span class='ocrx_word' id='word_1_249' title='bbox 978 2213 1107 2244; x_wconf 87' lang='lat' dir='ltr'><strong>uocalis</strong></span> <span class='ocrx_word' id='word_1_250' title='bbox 1127 2213 1258 2244; x_wconf 86' lang='lat' dir='ltr'><strong>desinat</strong></span> <span class='ocrx_word' id='word_1_251' title='bbox 1279 2212 1312 2242; x_wconf 92' lang='lat' dir='ltr'><strong>in</strong></span> <span class='ocrx_word' id='word_1_252' title='bbox 1332 2222 1347 2243; x_wconf 91' lang='lat' dir='ltr'><strong>s</strong></span> <span class='ocrx_word' id='word_1_253' title='bbox 1368 2216 1398 2243; x_wconf 85' lang='lat' dir='ltr'><strong>et</strong></span> <span class='ocrx_word' id='word_1_254' title='bbox 1417 2212 1567 2253; x_wconf 74' lang='lat' dir='ltr'><strong>excipia-</strong></span> 
     </span>
     <span class='ocr_line' id='line_1_32' title="bbox 85 2256 1564 2300; baseline 0 -13"><span class='ocrx_word' id='word_1_255' title='bbox 85 2263 137 2288; x_wconf 85' lang='lat' dir='ltr'><strong>tur</strong></span> <span class='ocrx_word' id='word_1_256' title='bbox 156 2257 196 2288; x_wconf 89' lang='lat' dir='ltr'><strong>ab</strong></span> <span class='ocrx_word' id='word_1_257' title='bbox 219 2257 286 2288; x_wconf 89' lang='lat' dir='ltr'><strong>alia</strong></span> <span class='ocrx_word' id='word_1_258' title='bbox 306 2257 501 2288; x_wconf 83' lang='lat' dir='ltr'><strong>consonanti</strong></span> <span class='ocrx_word' id='word_1_259' title='bbox 520 2257 572 2288; x_wconf 81' lang='lat' dir='ltr'><strong>uel</strong></span> <span class='ocrx_word' id='word_1_260' title='bbox 591 2259 700 2289; x_wconf 86' lang='lat' dir='ltr'><strong>uocali</strong></span> <span class='ocrx_word' id='word_1_261' title='bbox 722 2258 793 2289; x_wconf 88' lang='lat' dir='ltr'><strong>loco</strong></span> <span class='ocrx_word' id='word_1_262' title='bbox 815 2259 1030 2290; x_wconf 83' lang='lat' dir='ltr'><strong>consonantis</strong></span> <span class='ocrx_word' id='word_1_263' title='bbox 1050 2259 1173 2300; x_wconf 87' lang='lat' dir='ltr'><strong>posita,</strong></span> <span class='ocrx_word' id='word_1_264' title='bbox 1197 2263 1231 2288; x_wconf 87' lang='lat' dir='ltr'><strong>ut</strong></span> <span class='ocrx_word' id='word_1_265' title='bbox 1252 2265 1300 2289; x_wconf 85' lang='lat' dir='ltr'><strong>est</strong></span> <span class='ocrx_word' id='word_1_266' title='bbox 1319 2258 1421 2288; x_wconf 90' lang='lat' dir='ltr'><strong>illud:</strong></span> <span class='ocrx_word' id='word_1_267' title='bbox 1451 2256 1564 2298; x_wconf 86' lang='lat' dir='ltr'><strong>[Lucr.</strong></span> 
     </span>
     <span class='ocr_line' id='line_1_33' title="bbox 86 2302 1565 2344; baseline -0.001 -10"><span class='ocrx_word' id='word_1_268' title='bbox 86 2304 130 2334; x_wconf 93' lang='lat' dir='ltr'>IV</span> <span class='ocrx_word' id='word_1_269' title='bbox 154 2302 255 2344; x_wconf 77' lang='lat'>1207]</span> <span class='ocrx_word' id='word_1_270' title='bbox 293 2310 323 2334; x_wconf 87' lang='lat' dir='ltr'><strong>et</strong></span> <span class='ocrx_word' id='word_1_271' title='bbox 343 2304 440 2334; x_wconf 84' lang='lat' dir='ltr'><strong>item:</strong></span> <span class='ocrx_word' id='word_1_272' title='bbox 470 2302 650 2344; x_wconf 76' lang='lat' dir='ltr'><strong>esttantqne</strong></span> <span class='ocrx_word' id='word_1_273' title='bbox 678 2304 774 2335; x_wconf 79' lang='lat' dir='ltr'><strong>elatis</strong></span> <span class='ocrx_word' id='word_1_274' title='bbox 803 2305 940 2335; x_wconf 87' lang='lat' dir='ltr'><strong>naribus</strong></span> <span class='ocrx_word' id='word_1_275' title='bbox 968 2305 1100 2335; x_wconf 89' lang='lat' dir='ltr'><strong>lucem.’</strong></span> <span class='ocrx_word' id='word_1_276' title='bbox 1197 2304 1337 2335; x_wconf 86' lang='lat' dir='ltr'>CXXIV</span> <span class='ocrx_word' id='word_1_277' title='bbox 1369 2303 1508 2334; x_wconf 88' lang='lat' dir='ltr'><strong>Seruius</strong></span> <span class='ocrx_word' id='word_1_278' title='bbox 1533 2303 1565 2333; x_wconf 89' lang='lat' dir='ltr'><strong>in</strong></span> 
     </span>
     <span class='ocr_line' id='line_1_34' title="bbox 86 2348 1563 2388; baseline -0.001 -8"><span class='ocrx_word' id='word_1_279' title='bbox 86 2350 170 2380; x_wconf 76' lang='lat' dir='ltr'><strong>Aen.</strong></span> <span class='ocrx_word' id='word_1_280' title='bbox 186 2349 250 2380; x_wconf 86' lang='lat' dir='ltr'><strong>XII</strong></span> <span class='ocrx_word' id='word_1_281' title='bbox 264 2348 333 2381; x_wconf 67' lang='lat'><strong>294</strong></span> <span class='ocrx_word' id='word_1_282' title='bbox 360 2349 513 2388; x_wconf 86' lang='lat' dir='ltr'><strong>‘teloque</strong></span> <span class='ocrx_word' id='word_1_283' title='bbox 531 2355 681 2381; x_wconf 86' lang='lat' dir='ltr'><strong>orantem</strong></span> <span class='ocrx_word' id='word_1_284' title='bbox 702 2350 805 2380; x_wconf 86' lang='lat' dir='ltr'><strong>multa</strong></span> <span class='ocrx_word' id='word_1_285' title='bbox 826 2350 957 2381; x_wconf 87' lang='lat' dir='ltr'><strong>trabali.</strong></span> <span class='ocrx_word' id='word_1_286' title='bbox 988 2351 1115 2381; x_wconf 87' lang='lat' dir='ltr'><strong>Ennius</strong></span> <span class='ocrx_word' id='word_1_287' title='bbox 1139 2350 1205 2380; x_wconf 85' lang='lat'><strong>...&#39;</strong></span> <span class='ocrx_word' id='word_1_288' title='bbox 1303 2349 1427 2381; x_wconf 84' lang='lat' dir='ltr'>CXXV</span> <span class='ocrx_word' id='word_1_289' title='bbox 1453 2348 1563 2379; x_wconf 78' lang='lat' dir='ltr'><strong>Gloss.</strong></span> 
     </span>
     <span class='ocr_line' id='line_1_35' title="bbox 84 2387 1564 2437; baseline -0.001 -11"><span class='ocrx_word' id='word_1_290' title='bbox 84 2395 189 2426; x_wconf 83' lang='lat' dir='ltr'><strong>Labb.</strong></span> <span class='ocrx_word' id='word_1_291' title='bbox 213 2395 447 2437; x_wconf 84' lang='lat' dir='ltr'><strong>‘aplustra&#39;</strong></span> <span class='ocrx_word' id='word_1_292' title='bbox 468 2394 689 2437; x_wconf 82' lang='lat' dir='ltr'><strong>(aplustre</strong></span> <span class='ocrx_word' id='word_1_293' title='bbox 704 2396 791 2427; x_wconf 88' lang='lat' dir='ltr'><strong>coni.</strong></span> <span class='ocrx_word' id='word_1_294' title='bbox 810 2396 846 2426; x_wconf 82' lang='grc' dir='ltr'><strong>Β.</strong></span> <span class='ocrx_word' id='word_1_295' title='bbox 865 2394 1069 2437; x_wconf 81' lang='lat' dir='ltr'><strong>Vulcanius)</strong></span> <span class='ocrx_word' id='word_1_296' title='bbox 1090 2398 1097 2411; x_wconf 69' lang='lat'><em>⁴</em></span> <span class='ocrx_word' id='word_1_297' title='bbox 1110 2389 1249 2435; x_wconf 81' lang='grc' dir='ltr'><strong><em>πτερὸν</em></strong></span> <span class='ocrx_word' id='word_1_298' title='bbox 1267 2392 1402 2425; x_wconf 79' lang='grc' dir='ltr'><strong><em>πλοίου</em></strong></span> <span class='ocrx_word' id='word_1_299' title='bbox 1417 2387 1564 2430; x_wconf 75' lang='grc' dir='ltr'>ὦς”Εν-</span> 
     </span>
     <span class='ocr_line' id='line_1_36' title="bbox 85 2440 1565 2482; baseline -0.001 -10"><span class='ocrx_word' id='word_1_300' title='bbox 85 2442 190 2478; x_wconf 85' lang='grc' dir='ltr'><em>νιος.’</em></span> <span class='ocrx_word' id='word_1_301' title='bbox 222 2440 272 2473; x_wconf 81' lang='lat' dir='ltr'><strong>Cf.</strong></span> <span class='ocrx_word' id='word_1_302' title='bbox 293 2441 418 2472; x_wconf 85' lang='lat' dir='ltr'><strong>Paulus</strong></span> <span class='ocrx_word' id='word_1_303' title='bbox 437 2440 525 2472; x_wconf 86' lang='lat' dir='ltr'><strong>Festi</strong></span> <span class='ocrx_word' id='word_1_304' title='bbox 546 2452 580 2482; x_wconf 88' lang='lat' dir='ltr'><strong>p.</strong></span> <span class='ocrx_word' id='word_1_305' title='bbox 606 2441 645 2473; x_wconf 88' lang='lat' dir='ltr'><strong>to</strong></span> <span class='ocrx_word' id='word_1_306' title='bbox 663 2441 706 2471; x_wconf 81' lang='lat' dir='ltr'><strong>M.</strong></span> <span class='ocrx_word' id='word_1_307' title='bbox 736 2444 744 2457; x_wconf 72' lang='lat'><strong><em>⁴</em></strong></span> <span class='ocrx_word' id='word_1_308' title='bbox 757 2452 775 2472; x_wconf 88' lang='lat' dir='ltr'><strong>a</strong></span> <span class='ocrx_word' id='word_1_309' title='bbox 788 2451 807 2482; x_wconf 91' lang='lat' dir='ltr'><strong>p</strong></span> <span class='ocrx_word' id='word_1_310' title='bbox 820 2441 827 2471; x_wconf 89' lang='lat' dir='ltr'><strong>l</strong></span> <span class='ocrx_word' id='word_1_311' title='bbox 840 2442 979 2472; x_wconf 83' lang='lat' dir='ltr'><strong>ustria</strong></span> <span class='ocrx_word' id='word_1_312' title='bbox 996 2442 1133 2472; x_wconf 88' lang='lat' dir='ltr'><strong>nauium</strong></span> <span class='ocrx_word' id='word_1_313' title='bbox 1153 2446 1358 2477; x_wconf 82' lang='lat' dir='ltr'><strong>ornamenta,</strong></span> <span class='ocrx_word' id='word_1_314' title='bbox 1382 2450 1466 2480; x_wconf 86' lang='lat' dir='ltr'><strong>quae</strong></span> <span class='ocrx_word' id='word_1_315' title='bbox 1486 2441 1565 2479; x_wconf 84' lang='lat' dir='ltr'><strong>quia</strong></span> 
     </span>
     <span class='ocr_line' id='line_1_37' title="bbox 85 2486 1562 2529; baseline -0.002 -11"><span class='ocrx_word' id='word_1_316' title='bbox 85 2493 175 2519; x_wconf 80' lang='lat' dir='ltr'><strong>crant</strong></span> <span class='ocrx_word' id='word_1_317' title='bbox 195 2487 356 2529; x_wconf 85' lang='lat' dir='ltr'><strong>amplius,</strong></span> <span class='ocrx_word' id='word_1_318' title='bbox 380 2497 479 2527; x_wconf 86' lang='lat' dir='ltr'><strong>quam</strong></span> <span class='ocrx_word' id='word_1_319' title='bbox 499 2493 607 2518; x_wconf 83' lang='lat' dir='ltr'><strong>essent</strong></span> <span class='ocrx_word' id='word_1_320' title='bbox 627 2488 819 2518; x_wconf 82' lang='lat' dir='ltr'><strong>necessaria</strong></span> <span class='ocrx_word' id='word_1_321' title='bbox 838 2498 912 2521; x_wconf 79' lang='lat' dir='ltr'><strong>usu,</strong></span> <span class='ocrx_word' id='word_1_322' title='bbox 936 2488 1037 2518; x_wconf 86' lang='lat' dir='ltr'><strong>etiam</strong></span> <span class='ocrx_word' id='word_1_323' title='bbox 1063 2486 1321 2528; x_wconf 86' lang='lat' dir='ltr'><strong>amplustria</strong></span> <span class='ocrx_word' id='word_1_324' title='bbox 1343 2486 1562 2519; x_wconf 59' lang='lat' dir='ltr'><strong>dicebantur:</strong></span> 
     </span>
     <span class='ocr_line' id='line_1_38' title="bbox 83 2531 1563 2575; baseline -0.001 -10"><span class='ocrx_word' id='word_1_325' title='bbox 83 2534 275 2565; x_wconf 84' lang='lat' dir='ltr'><strong>Priscianus</strong></span> <span class='ocrx_word' id='word_1_326' title='bbox 292 2534 351 2565; x_wconf 80' lang='lat' dir='ltr'><strong>VII</strong></span> <span class='ocrx_word' id='word_1_327' title='bbox 367 2532 478 2575; x_wconf 74' lang='lat' dir='ltr'><strong>p.7t59</strong></span> <span class='ocrx_word' id='word_1_328' title='bbox 493 2533 527 2564; x_wconf 92' lang='lat' dir='ltr'><strong>P.</strong></span> <span class='ocrx_word' id='word_1_329' title='bbox 548 2532 705 2574; x_wconf 34' lang='lat' dir='ltr'><strong>(1p.3*12</strong></span> <span class='ocrx_word' id='word_1_330' title='bbox 721 2531 780 2573; x_wconf 83' lang='lat' dir='ltr'><strong>K.)</strong></span> <span class='ocrx_word' id='word_1_331' title='bbox 803 2535 810 2548; x_wconf 70' lang='lat'><strong>⁴</strong></span> <span class='ocrx_word' id='word_1_332' title='bbox 823 2543 871 2575; x_wconf 85' lang='lat' dir='ltr'><strong>ap</strong></span> <span class='ocrx_word' id='word_1_333' title='bbox 885 2533 1021 2564; x_wconf 88' lang='lat' dir='ltr'><strong>lustra</strong></span> <span class='ocrx_word' id='word_1_334' title='bbox 1039 2533 1127 2564; x_wconf 89' lang='lat' dir='ltr'><strong>enim</strong></span> <span class='ocrx_word' id='word_1_335' title='bbox 1149 2538 1179 2563; x_wconf 86' lang='lat' dir='ltr'><strong>et</strong></span> <span class='ocrx_word' id='word_1_336' title='bbox 1199 2532 1415 2574; x_wconf 85' lang='lat' dir='ltr'><strong>aplustria</strong></span> <span class='ocrx_word' id='word_1_337' title='bbox 1434 2533 1563 2572; x_wconf 87' lang='lat' dir='ltr'><strong>antiqui</strong></span> 
     </span>
    </p>
   </div>
   <div class='ocr_carea' id='block_1_11' title="bbox 86 2665 1562 2777">
    <p class='ocr_par' dir='ltr' id='par_1_11' title="bbox 86 2665 1562 2777">
     <span class='ocr_line' id='line_1_39' title="bbox 142 2665 1562 2712; baseline -0.002 -8"><span class='ocrx_word' id='word_1_338' title='bbox 142 2669 210 2704; x_wconf 82' lang='lat'><strong>585</strong></span> <span class='ocrx_word' id='word_1_339' title='bbox 239 2667 434 2703; x_wconf 83' lang='lat' dir='ltr'><strong>macheras</strong></span> <span class='ocrx_word' id='word_1_340' title='bbox 470 2667 569 2703; x_wconf 72' lang='lat' dir='ltr'><strong>Leicl.</strong></span> <span class='ocrx_word' id='word_1_341' title='bbox 607 2667 639 2702; x_wconf 82' lang='lat' dir='ltr'><strong>b.</strong></span> <span class='ocrx_word' id='word_1_342' title='bbox 677 2666 876 2701; x_wconf 88' lang='lat' dir='ltr'><strong>machaera</strong></span> <span class='ocrx_word' id='word_1_343' title='bbox 909 2665 1001 2712; x_wconf 67' lang='lat' dir='ltr'><strong>Rey.</strong></span> <span class='ocrx_word' id='word_1_344' title='bbox 1037 2666 1088 2712; x_wconf 82' lang='lat' dir='ltr'><strong>cf.</strong></span> <span class='ocrx_word' id='word_1_345' title='bbox 1117 2676 1235 2712; x_wconf 76' lang='lat' dir='ltr'><strong>supra</strong></span> <span class='ocrx_word' id='word_1_346' title='bbox 1378 2670 1446 2704; x_wconf 76' lang='lat'><strong>588</strong></span> <span class='ocrx_word' id='word_1_347' title='bbox 1484 2668 1562 2702; x_wconf 84' lang='lat' dir='ltr'><strong>sun-</strong></span> 
     </span>
     <span class='ocr_line' id='line_1_40' title="bbox 86 2722 1559 2777; baseline 0.001 -20"><span class='ocrx_word' id='word_1_348' title='bbox 86 2723 247 2769; x_wconf 68' lang='lat' dir='ltr'><strong>dantque</strong></span> <span class='ocrx_word' id='word_1_349' title='bbox 269 2722 434 2759; x_wconf 81' lang='lat' dir='ltr'><strong>Seruius.</strong></span> <span class='ocrx_word' id='word_1_350' title='bbox 460 2723 657 2769; x_wconf 82' lang='lat' dir='ltr'><strong>esssantque</strong></span> <span class='ocrx_word' id='word_1_351' title='bbox 679 2722 779 2758; x_wconf 83' lang='lat' dir='ltr'><strong>Mar.</strong></span> <span class='ocrx_word' id='word_1_352' title='bbox 812 2722 1017 2758; x_wconf 80' lang='lat' dir='ltr'><strong>Victorinus</strong></span> <span class='ocrx_word' id='word_1_353' title='bbox 1160 2725 1228 2765; x_wconf 76' lang='lat'><strong>590</strong></span> <span class='ocrx_word' id='word_1_354' title='bbox 1258 2723 1421 2777; x_wconf 84' lang='lat' dir='ltr'><strong>aplustra</strong></span> <span class='ocrx_word' id='word_1_355' title='bbox 1445 2724 1559 2767; x_wconf 66' lang='lat' dir='ltr'><strong>Gloss.</strong></span> 
     </span>
    </p>
   </div>
   <div class='ocr_carea' id='block_1_12' title="bbox 86 2778 422 2828">
    <p class='ocr_par' dir='ltr' id='par_1_12' title="bbox 86 2778 422 2828">
     <span class='ocr_line' id='line_1_41' title="bbox 86 2778 422 2828; baseline 0 -13"><span class='ocrx_word' id='word_1_356' title='bbox 86 2780 264 2828; x_wconf 80' lang='lat' dir='ltr'><strong>aplustrIa</strong></span> <span class='ocrx_word' id='word_1_357' title='bbox 283 2778 422 2815; x_wconf 78' lang='lat' dir='ltr'><strong>Paulus</strong></span> 
     </span>
    </p>
   </div>
  </div>
 </body>
</html>
