1762 3057
686 195 989 230 ENNIANAE
1454 203 1546 232 LXV

72 300 125 350 pli
163 312 276 338 causa
310 302 512 352 proposito
552 302 788 340 inlustrauit:
828 311 911 341 lune
949 306 1099 341 umbras
1131 316 1289 352 uespera
1319 309 1434 353 eoepit
1461 309 1547 342 Am-

68 374 166 417 plius
191 384 377 420 (wawere
406 375 542 420 obslipo
570 376 702 410 lumine
733 377 828 412 salis.
889 372 974 420 Quo
1003 386 1116 411 uersu
1150 373 1196 412 ab
1225 374 1291 411 illo
1315 359 1358 410 'ill
1389 374 1546 411 incertis

71 441 244 490 reposito
282 442 370 479 mihi
399 442 479 480 uisa
507 449 565 480 est.
592 443 800 481 adueniens
838 442 907 480 sub
938 456 1088 494 pugnae
1117 445 1257 482 exitum
1285 456 1451 495 uespera
1480 445 1544 482 de-

68 511 232 560 signari:
266 512 314 549 cf.
342 512 435 550 Liuii
467 526 577 563 quam
605 526 719 564 supra
751 515 940 563 exscripsi
973 516 1240 552 narrationem.

183 581 284 619 Inter
323 595 367 620 ea
404 589 527 620 autem
566 595 663 632 quae
701 583 849 620 cladem
880 582 1119 622 Cannensem
1155 587 1330 636 proxime
1370 586 1542 624 insecuta

68 658 154 689 sunt.
184 652 251 689 fuit
285 653 397 690 etiam
416 659 463 690 «ut
491 658 581 703 puto
610 653 702 690 illud
733 653 833 702 quod
860 653 905 690 fr.
935 654 967 690 V
998 656 1203 693 indicatur:
1239 661 1268 693 is
1297 669 1438 703 pernas
1458 669 1538 693 sue-

68 724 153 759 cidit
179 726 302 770 iniqua
335 726 507 771 superbia
533 726 658 759 Poeni.
721 720 789 758 Cui
821 725 1029 762 memoriae
1061 738 1143 763 cum
1176 726 1265 763 olim
1299 738 1319 763 e
1350 725 1455 762 Liuio
1490 724 1543 761 lu-

69 803 151 829 cem
183 797 361 842 peterent
392 791 501 830 XXII
532 793 605 829 51:
647 794 822 839 quosdam
865 800 897 829 ec
935 798 1091 831 iaemces
1117 800 1219 832 w'uos
1248 799 1400 833 succisis
1435 798 1541 842 semi-

65 866 169 899 nibus
196 866 462 911 poplitibusque
491 867 710 900 inuenerunt
740 874 774 898 e.
803 874 838 911 q.
872 874 901 899 s.
966 863 1036 911 (cf.
1060 863 1145 901 val.
1172 864 1270 902 Max.
1306 865 1374 902 VII
1405 866 1428 903 4
1462 871 1538 902 ext.

66 932 137 982 2),
170 932 313 981 Hugius
343 933 631 970 conuenientius
674 932 887 968 sententiae
919 931 1015 970 banc
1052 933 1197 971 Valerii
1231 933 1382 972 Maximi
1412 947 1539 973 narra-

67 1004 209 1040 tionem
239 1002 458 1040 asciuit-IX
486 1003 508 1039 2
542 1008 619 1039 ext.
654 1000 699 1038 2:
733 1004 922 1039 Hannibal
952 1032 959 1038 .
988 1033 994 1039 .
1019 1033 1026 1040 .
1058 1008 1093 1040 in
1119 1008 1268 1051 flumine
1289 1008 1389 1042 Gallo
1422 1005 1538 1056 (Ver-

65 1072 188 1121 gello,
214 1072 262 1110 cf.
293 1071 430 1110 Florus·
464 1071 477 1109 Ι
505 1070 556 1108 22
580 1083 616 1121 p.
642 1071 693 1107 :37
716 1071 849 1122 Jahn.)
881 1076 1096 1120 can-porilnas·
1125 1077 1298 1111 Romanis*
1313 1083 1423 1123 paule
1440 1078 1540 1123 faulo

65 1147 266 1181 eoec’ree'lmn
298 1146 510 1180 [mensatim-il
541 1171 548 1177 .
579 1171 586 1177 .
617 1172 624 1177 .
657 1144 746 1177 idem
778 1146 942 1189 waldinus
974 1151 1116 1180 nostros
1145 1146 1315 1180 oneribus
1347 1150 1379 1180 el
1411 1148 1540 1182 itinere

62 1216 180 1261 fessos
200 1217 271 1250 iam
290 1217 413 1261 prima
430 1215 566 1261 pedum
582 1218 693 1260 lncrle
712 1216 855 1249 succisa
878 1215 1111 1260 wlinqzwlmt.
1173 1216 1269 1258 Quos
1293 1225 1378 1250 nero
1399 1218 1433 1250 in
1456 1227 1538 1251 cas—

63 1290 120 1320 tra
138 1286 385 1331 perdam-crat,
398 1288 512 1329 parm
531 1286 614 1332 fere
634 1288 798 1331 s'ralrum
818 1291 849 1320 el
865 1287 1154 1331 propinquorum
1180 1287 1330 1331 iungens
1349 1286 1455 1331 ferro
1477 1288 1537 1321 dm

64 1366 216 1391 vel-nere
236 1356 392 1402 eoyebac.
431 1353 599 1400 Quorum
625 1354 716 1391 illud
741 1353 841 1404 quod
868 1353 915 1390 de
944 1359 1060 1402 ponle
1083 1353 1334 1391 cadaueribus
1359 1361 1537 1393 extructo

64 1423 240 1461 Valerius
265 1424 441 1474 perhibet
465 1423 568 1462 Flori
593 1424 614 1461 l.
640 1424 662 1461 l.
695 1424 835 1461 indicio
866 1429 952 1474 post
976 1424 1095 1474 ipsam
1118 1436 1279 1474 pugnam
1298 1424 1536 1463 Cannensem

63 1494 254 1531 accidisse
287 1494 540 1543 significatur:
581 1501 642 1543 ut7
676 1496 706 1532 si
740 1508 812 1545 qua
845 1494 939 1531 fides
972 1501 1030 1531 est
1061 1494 1182 1531 ordini
1214 1507 1326 1544 quem
1356 1495 1535 1533 Valerius

63 1566 181 1602 lenuit
210 1567 459 1613 narrationis,
502 1565 637 1602 eodem
667 1567 777 1603 etiam
809 1566 930 1603 altera
962 1565 1144 1602 memoria
1176 1564 1314 1601 referri
1348 1565 1533 1603 uideatur.

63 1634 209 1680 Quare
240 1634 285 1671 fr.
316 1634 367 1671 Vl
396 1641 458 1673 aut
492 1641 577 1684 post
609 1634 679 1672 XV
702 1635 980 1673 conlocandum
1010 1640 1073 1672 aut
1104 1635 1355 1683 relegandum
1387 1637 1458 1673 erit
1489 1636 1535 1673 ad

64 1704 223 1741 incerta.

176 1773 336 1811 Relicua
378 1787 475 1824 qnae
517 1788 600 1813 cum
644 1776 768 1825 Hugio
808 1775 853 1813 ad
897 1775 994 1812 bunc
1028 1774 1163 1811 librum
1193 1774 1356 1823 ascripsi
1389 1779 1451 1811 aut
1482 1775 1533 1810 in-

63 1849 168 1881 certa
197 1850 281 1881 suut
313 1851 375 1882 aut
410 1856 483 1882 uon
516 1846 712 1884 traduntur
743 1858 791 1883 ex
822 1846 895 1883 boc
924 1845 1035 1882 libro.
1098 1843 1144 1890 Q.
1174 1842 1315 1881 Fabius
1348 1843 1533 1882 Maximus

63 1920 233 1964 quartum
266 1913 399 1951 consul
432 1922 584 1953 creatur
610 1914 741 1966 (XIX)
772 1928 804 1953 a.
838 1928 870 1953 u.
906 1928 938 1953 c.
971 1914 1051 1953 538
1075 1913 1174 1951 conl.
1205 1913 1310 1951 Liuio
1341 1914 1466 1952 XXIV
1494 1916 1531 1952 9.

61 1984 298 2034 Fragmentis
324 1983 395 2021 XX
415 1991 451 2022 et
472 1984 579 2022 XXII
608 1985 796 2023 obsessae
823 1984 1101 2036 Campanorum
1133 1986 1266 2022 nescio
1298 1997 1395 2034 quae
1418 1985 1535 2022 urbes

61 2056 322 2104 designantur.
383 2054 478 2093 Illud
500 2055 644 2105 Hugius
676 2056 721 2094 ad
752 2056 953 2094 obsessam
976 2068 995 2094 a
1021 2056 1201 2093 Romanis
1224 2053 1393 2105 Capuam
1416 2055 1536 2092 refert

63 2125 164 2163 conl.
191 2126 297 2163 Liuio
327 2124 433 2162 XXV
462 2125 526 2163 20.
556 2126 682 2164 XXVI
710 2128 748 2175 4,
783 2127 857 2164 hoc
889 2127 934 2164 ad
967 2137 1012 2162 ea
1041 2137 1140 2175 quae
1167 2124 1292 2162 Liuius
1324 2124 1449 2162 XXVI
1486 2125 1534 2162 10

62 2195 275 2245 perhibuit,
317 2207 350 2233 a.
392 2207 426 2232 u.
461 2208 493 2233 c.
534 2197 610 2234 541
660 2197 856 2247 principes
904 2195 1182 2245 Campanorum
1222 2196 1355 2245 partim
1398 2202 1532 2246 captos

61 2266 197 2314 partim
224 2265 451 2303 interfectos
483 2279 583 2304 esse.
646 2266 877 2315 Fragmento
910 2272 1035 2304 autem
1063 2264 1153 2302 XXI
1184 2266 1245 2302 uix
1283 2265 1434 2303 dubium
1474 2271 1532 2302 est

63 2336 150 2385 quin
182 2334 366 2372 Hannibal
393 2334 637 2385 designetur,
671 2339 733 2388 qui
764 2349 797 2375 a.
832 2350 866 2373 u.
901 2349 934 2373 c.
967 2336 1068 2384 541,
1098 2342 1135 2372 ut
1163 2335 1288 2373 Liuius
1319 2334 1445 2372 XXVI
1482 2335 1531 2371 1o

62 2412 212 2453 narrat⁷
240 2411 355 2442 noctu
378 2403 535 2442 Romam
554 2407 744 2460 perrexit.
806 2407 982 2457 Denique
1013 2406 1314 2455 fragmentorum
1341 2403 1465 2442 XXIII
1496 2409 1532 2440 et

62 2474 188 2512 XXIV
221 2476 466 2513 occasionem
498 2474 599 2512 uelle
636 2476 805 2513 indicare
844 2476 1025 2513 hariolari
1059 2481 1129 2512 est.
1193 2473 1334 2512 Contra
1367 2474 1531 2510 incerto-

64 2557 145 2582 rum
176 2545 250 2583 duo
282 2544 458 2582 indicabo
488 2557 535 2581 ex
578 2544 651 2582 hoc
687 2543 784 2581 libro
817 2544 982 2581 fortasse
1013 2545 1232 2594 desumpta:
1275 2545 1319 2581 fr.
1352 2541 1533 2579 XXXVII

64 2617 176 2662 deque
203 2617 348 2651 totondit
376 2628 484 2663 ‹tyros
512 2617 624 2651 laelos
654 2621 759 2662 alque
785 2617 919 2661 oppida
942 2618 1045 2662 cepa,
1076 2614 1177 2663 quod
1202 2619 1352 2663 poterat
1373 2618 1461 2662 apte
1484 2611 1531 2649 de

64 2683 273 2722 Hannibale
299 2690 387 2734 post
417 2683 564 2721 cladem
583 2681 821 2721 Cannensem
846 2682 991 2721 Italiam
1021 2685 1246 2733 peruaganti
1278 2683 1429 2721 efferri:
1463 2680 1531 2718 sed

64 2754 112 2790 cf.
133 2765 168 2803 p.
187 2753 232 2795 L;
258 2754 475 2804 ibidemque
492 2754 617 2791 locum
636 2753 779 2791 habere
795 2753 869 2791 hoc
885 2757 1056 2801 bilinssues
1076 2757 1257 2791 Brultales
1275 2750 1530 2802 (XXXVIII).

118 2822 264 2859 Emmvs.
1290 2829 1311 2854 e
