1762 3057
652 177 949 212 ENNIANAE
1486 185 1544 212 11v

74 284 180 331 (ine.
221 283 303 320 sed.
337 282 448 333 XLI)
481 284 758 334 praedicaret’.
821 285 1106 323 Freinshemius
1140 286 1338 336 Supplem.
1372 285 1464 323 Liuii
1494 285 1546 324 111

73 351 145 390 28:
179 352 227 390 cf.
259 352 324 391 45.

677 465 843 504 CAPVT
874 466 926 504 lv

185 575 275 612 Res
304 575 507 614 Punicas
534 577 676 615 Ennius
700 578 820 615 tribus
843 577 973 626 libris,
1004 579 1073 615 nisi
1096 591 1154 616 me
1178 578 1274 616 fallit
1298 580 1450 630 opinio,
1477 581 1542 619 ab·

73 645 211 694 soluit,
253 658 425 695 quorum·
453 659 564 684 unum
599 649 634 684 in
666 649 809 697 primo,
852 648 947 685 duos
981 655 1156 686 octauum
1186 655 1224 686 et
1251 661 1389 687 nouum
1416 651 1451 687 in
1483 663 1542 689 se·

72 716 194 753 cundo
240 715 345 753 hello
390 717 573 766 inpendit.
635 717 771 768 Neque
813 719 910 755 enim
954 720 1112 768 primum
1154 719 1295 756 bellum
1343 720 1543 769 praeteriit

72 786 244 834 omuino,
296 791 334 823 ut
375 798 450 824 non
490 788 611 838 potuit
650 793 738 838 apte
775 793 848 825 tam
894 788 1056 839 amplam
1101 794 1306 838 tantaeque
1345 790 1544 837 grauitatis

71 857 264 894 materiam
299 857 515 906 praeterire
547 858 773 908 praesertim
805 858 840 895 in
875 859 1042 896 carmine
1075 864 1289 908 perpetuo7
1333 858 1447 908 quale
1481 871 1544 896 an—

71 927 178 965 nales
214 927 333 964 fuisse
373 926 435 964 uel
475 939 613 965 nomen
653 928 790 965 indicio
832 934 905 965 est.
968 928 1091 966 Potuit
1132 928 1166 965 in
1198 929 1273 966 hoc
1304 927 1408 966 bello
1442 941 1543 966 eom-

72 996 294 1048 pendiosius
335 998 505 1046 uersari,
561 1005 599 1036 ut
639 1003 857 1049 exponeret
896 1010 958 1035 res
997 999 1222 1047 grauiores,
1273 999 1444 1037 leuiores
1483 1006 1545 1037 aut

73 1068 267 1105 omitteret
298 1072 361 1104 aut
387 1073 563 1118 quantum
592 1069 706 1106 nexui
734 1081 859 1106 rerum
891 1067 1087 1106 seruiebat
1114 1069 1416 1119 perstringeret:
1450 1081 1543 1121 quo-

71 1139 169 1176 niam
209 1138 243 1174 in
281 1149 328 1174 eo
367 1144 591 1187 argumento
638 1150 713 1176 non
754 1139 803 1176 ita
847 1138 963 1175 multo
1003 1145 1089 1176 ante
1130 1140 1334 1189 operosius
1376 1139 1544 1177 Naeuius

73 1208 304 1247 elaborarat.
354 1206 448 1245 Nam
475 1206 706 1246 Ciceronem
738 1221 811 1245 non
844 1214 935 1259 puto
968 1214 1107 1246 tantum
1138 1222 1178 1247 re
1205 1216 1405 1260 praestare
1428 1223 1543 1261 quan-

73 1285 146 1316 tum
177 1277 298 1316 uerbo
332 1277 444 1326 dicit,
483 1291 565 1316 eum
594 1278 755 1316 Ennium
786 1278 920 1316 Naeuii
953 1291 1067 1317 causa
1095 1279 1244 1316 eomnia
1276 1279 1379 1318 bella
1410 1292 1543 1330 perse-

73 1355 252 1400 quentem
299 1349 457 1399 primum
502 1348 594 1387 illud
641 1349 819 1386 Punicum
861 1349 1085 1387 acerrimum
1132 1348 1274 1386 bellum
1314 1350 1542 1400 reliquisse'

72 1425 257 1458 memorat
289 1419 391 1456 Bruti
426 1418 497 1467 19,
530 1420 595 1457 76.
657 1417 772 1456 Cuius
800 1419 931 1456 uerbis
962 1420 1023 1470 qui
1056 1419 1332 1469 obtemperarit
1364 1425 1544 1457 accurate

72 1490 260 1527 neminem
283 1489 370 1526 noui
397 1493 553 1538 praeter
569 1487 816 1526 Niebuhrium
838 1490 872 1526 in
894 1489 1039 1527 scholis
1062 1489 1292 1526 academicis
1317 1489 1364 1526 de
1386 1488 1545 1526 historia

74 1560 242 1598 Romana
265 1559 281 1597 Ι
308 1559 374 1607 24,
399 1564 435 1595 et
454 1557 715 1609 obtemperari
741 1560 795 1596 eis
824 1566 953 1597 uetant
980 1559 1077 1597 adeo
1101 1558 1287 1609 quaedam
1309 1570 1406 1608 quae
1430 1558 1544 1596 hodie

73 1643 192 1681 super
223 1635 307 1667 sunt
338 1629 562 1677 fragmenta.
617 1627 703 1667 Non
733 1629 819 1667 dieo
852 1642 936 1667 eum
967 1641 1117 1666 uersum
1157 1640 1232 1678 quo
1271 1629 1353 1666 sine
1386 1628 1470 1666 libri
1500 1641 1545 1666 ae

75 1705 216 1752 poetae
239 1700 379 1737 indicio
405 1697 544 1736 Cicero
571 1698 618 1735 de
640 1699 714 1736 inu.
738 1699 753 1736 Ι
782 1700 846 1747 19,
872 1699 922 1736 27
956 1700 1088 1737 utitur:
1121 1702 1264 1746 Appius
1289 1701 1421 1735 inaltasse
1441 1700 1540 1735 Kar*

73 1772 353 1820 lhayim‘ensibus
373 1772 501 1806 bellum
527 1767 652 1817 (IV)⁷
684 1770 747 1819 qui
770 1769 921 1819 quidem
946 1771 975 1806 si
1002 1768 1111 1806 Ennii
1140 1773 1198 1805 est
1220 1779 1294 1803 non
1321 1774 1449 1817 potest
1472 1780 1545 1805 non

74 1842 119 1879 ad
142 1841 301 1891 primum
331 1837 474 1875 bellum
502 1838 680 1876 Punicum
712 1841 921 1889 pertinere.
952 1837 1009 1877 Cf.
1036 1838 1205 1876 Zonaras
1229 1836 1317 1874 VIII
1345 1837 1368 1875 8
1406 1850 1442 1888 p.
1467 1837 1545 1875 132

75 1912 136 1949 ed.
172 1911 290 1948 Bonn.
325 1907 507 1956 Polybius
552 1908 566 1945 I
608 1908 656 1945 12
700 1915 738 1947 et
777 1909 1003 1960 praesertim
1034 1908 1160 1945 Liuius
1200 1906 1326 1945 XXXI
1369 1909 1400 1948 1.
1462 1909 1546 1947 Nec

75 1981 182 2019 nimis
214 1979 468 2017 oham-escam
505 1984 567 2015 aut
605 1978 639 2014 in
667 1978 713 2018 fr.
746 1979 819 2029 Vl,
855 1980 957 2031 quod
990 1979 1061 2016 etsi
1092 1990 1141 2016 ex
1172 1983 1311 2015 octauo
1342 1978 1451 2017 Ennii
1481 1980 1544 2018 ad-

75 2053 195 2090 fertur
233 2062 253 2088 a
284 2048 408 2086 Nouio
448 2061 482 2099 p.
522 2049 620 2095 151,
659 2048 736 2097 25,
780 2051 867 2088 mihi
910 2050 1061 2089 uixdum
1104 2048 1255 2086 dubium
1297 2054 1355 2086 est
1395 2049 1484 2098 quin
1526 2062 1545 2086 a

76 2122 221 2160 Merula
253 2125 359 2158 reete
392 2119 427 2156 in
459 2119 557 2156 hune
597 2118 732 2155 librum
774 2119 995 2156 translatum
1026 2120 1092 2156 sit:
1135 2124 1197 2155 aut
1228 2119 1263 2154 in
1292 2118 1337 2158 fr.
1369 2118 1401 2155 V
1433 2118 1545 2167 Hugii

77 2191 287 2237 beneficio,
321 2201 404 2226 cum
429 2201 449 2226 a
473 2188 672 2226 Macrobio
707 2188 785 2225 Sat.
807 2187 859 2225 vl
887 2189 899 2224 ’1
936 2200 971 2238 p.
999 2189 1078 2225 500
1103 2188 1185 2226 Jan.
1211 2201 1231 2225 e
1253 2193 1364 2226 sexto
1394 2189 1545 2236 citetur,

77 2260 164 2298 huic
201 2260 324 2297 annali
364 2260 553 2297 restituto,
614 2257 726 2304 Quod
763 2258 827 2295 ille
860 2257 1009 2295 firmare
1043 2258 1165 2307 potuit
1196 2257 1258 2296 uel
1290 2257 1365 2295 hoe
1397 2257 1546 2305 Polyhii

79 2330 167 2367 loeo
197 2328 213 2366 I
259 2329 329 2378 19,
358 2329 402 2366 2:
438 2320 648 2378 ἀναλαβών
685 2328 938 2377 (Hannonem
979 2327 1099 2377 dicit)
1139 2323 1186 2365 τά
1223 2340 1261 2364 τε
1297 2326 1421 2377 θηρία
1459 2325 1547 2377 περὶ

77 2394 316 2449 πεντήκοντα
358 2393 425 2436 τὸν
464 2391 638 2448 ἀριθμὸν
669 2392 761 2434 ὅντα
800 2395 864 2434 καὶ
902 2392 975 2446 τὴν
1010 2390 1151 2446 λοιπὴν
1192 2391 1360 2445 δύναμιν
1390 2390 1547 2433 ἅπασαν

78 2470 223 2521 προῆγε
256 2463 356 2507 κατὰ
390 2468 568 2517 σπουδήν
609 2465 650 2504 ἐκ
684 2468 750 2516 τῆς
777 2461 1027 2516 τΗρακλείαςι
1066 2464 1406 2516 παραγγείλας
1443 2467 1547 2510 τοῖς

80 2539 400 2588 Νομαδικοῖς
429 2538 636 2576 ἱππεῦσι
673 2531 1087 2586 προπορεύεσθαι
1121 2533 1187 2572 καὶ
1219 2533 1465 2584 συνεγγίσασι
1493 2536 1550 2588 τῷ

82 2604 221 2659 χάρακι
250 2610 327 2646 τῶν
364 2606 550 2645 ἐναυτίων
582 2603 767 2656 ἐρεθίζειν
797 2602 863 2641 καὶ
895 2605 1109 2655 πειρᾶσθαι
1142 2598 1231 2649 τοὺς
1261 2602 1388 2649 ἱππεῖς
1418 2598 1547 2642 αὐτῶν

83 2676 353 2716 ἐκκαλεῖσθαι·
394 2673 556 2716 κᾶπειτα
584 2670 704 2712 πάλιν
734 2672 956 2713 ἐκκλίνασιν
985 2669 1221 2725 ἀποχωρεῖν,
1262 2670 1331 2718 ἕως
1360 2666 1411 2711 ‹322›
1440 2666 1549 2723 αὐτῷ

83 2748 308 2797 συμμίξωσι.
357 2747 443 2794 Quo
472 2747 575 2783 nisus
602 2757 677 2794 ego
709 2745 754 2783 ad
785 2745 926 2782 initium
953 2744 1045 2782 belli
1078 2744 1204 2782 rettuli
1230 2756 1403 2792 uersum,
1436 2755 1547 2794 quem
