1762 3057
208 180 317 209 XCIV
596 172 1002 217 QVAESTIONES
1034 173 1335 208 ENNIANAE

207 289 344 327 essem,
363 284 394 319 is
414 288 586 329 regnare!
607 283 780 317 όιηηίὶιιιε.
815 286 853 318 et
885 293 905 318 e
938 281 983 318 fr.
1005 280 1057 318 IX
1087 283 1130 318 Si
1145 285 1223 329 quis
1251 283 1338 330 quid
1359 285 1445 318 noui
1465 282 1681 329 inueniebat,

208 368 302 404 uitae
332 368 427 413 quml
454 366 656 401 morla'le'um
684 361 688 415 l
727 350 813 401 f'lile
844 372 946 411 essel,
977 368 1017 401 eo'
1049 366 1211 401 ueniebat
1236 364 1342 412 (itque
1359 365 1565 402 ostendeba't
1587 367 1680 402 Ioui.

209 436 280 483 Qui
311 447 446 472 uersus
479 434 568 471 licet
596 435 833 471 seueriorem
866 446 1064 472 censuram
1096 445 1216 483 aegre
1245 435 1470 483 sustineant,
1501 434 1537 472 id
1558 440 1684 473 tamen

208 505 394 551 indicant⁷
427 515 501 540 non
532 515 673 541 meram
706 504 755 541 ibi
779 516 824 542 ac
854 506 1076 555 primitiuam
1104 515 1257 554 prosam
1289 506 1503 543 orationem
1532 504 1679 542 haberi.

208 573 275 611 Cui
322 575 376 610 rei
422 574 594 622 accedit7
636 575 737 624 quod
780 576 815 612 in
857 574 933 612 illis
979 574 1161 612 Lactantii
1206 575 1452 624 dign1ssimae
1495 574 1683 625 quaedam

207 644 327 681 Ennio
359 643 577 681 locutiones
608 645 808 695 dispersae
836 650 939 681 sunt:
976 644 1082 682 uelut
1120 644 1195 682 hoc
1227 646 1329 696 quod
1367 651 1425 683 est
1460 646 1497 683 in
1534 644 1580 682 fr.
1614 643 1685 682 VII

207 722 357 751 montem
396 719 458 763 qm?
492 723 645 752 vocalem·
688 720 815 753 caeli
848 719 993 752 stela.-
1033 715 1184 764 quando
1218 715 1318 754 hunc
1350 721 1505 766 poetam
1535 719 1685 752 constat

206 796 279 822 non
325 785 589 835 infrequenter
636 798 739 824 suam
785 786 997 823 orationem
1039 784 1196 823 Graecis
1244 787 1405 824 uocibus
1448 785 1682 832 distinxisse,

206 855 332 906 qualia
365 861 468 892 sunt:
501 864 612 893 termo
645 855 742 892 Anu.
777 856 871 893 470.
904 856 1005 897 4713
1039 868 1128 904 oyen
1170 856 1267 893 Ann.
1307 858 1408 900 454;
1449 861 1553 905 spira
1583 856 1682 893 Ann.

206 927 306 969 501;
338 928 467 963 aethra
499 925 596 964 Ann.
624 926 725 967 4152
772 928 926 973 lyclums
953 924 1050 961 Ann.
1083 925 1183 973 325,
1218 926 1304 964 alia.
1366 926 1494 978 Atque
1530 926 1596 964 illa
1629 926 1683 964 fa-

207 996 361 1033 miliaris
393 1001 450 1032 est
486 995 608 1032 Ennio
641 1008 749 1046 quam
785 1006 820 1044 p.
854 993 926 1031 XX
957 995 1064 1044 tetigi
1096 996 1337 1033 consuetudo
1373 996 1593 1049 explicandi
1614 995 1681 1034 La-

207 1068 281 1103 tine
321 1067 352 1103 si
393 1066 482 1116 quid
518 1066 743 1103 insolentius
788 1071 850 1102 aut
890 1065 1037 1103 Graece
1079 1065 1302 1115 protulerit:
1344 1073 1383 1104 ut
1427 1080 1552 1105 musas
1592 1079 1685 1116 quas

209 1140 299 1174 Grai
327 1144 539 1181 memorant,
567 1149 631 1173 2108
664 1140 925 1175 Casmenarmn
956 1135 1053 1172 Anu.
1087 1136 1129 1179 2;
1175 1140 1341 1184 sophiam
1379 1142 1558 1186 Sapientia
1589 1149 1684 1185 quae

199 1211 414 1255 perhibetur
444 1206 542 1243 Anu.
577 1205 673 1249 227;
721 1213 823 1243 uculo
864 1218 966 1254 quem
1007 1208 1200 1253 perhibent
1244 1211 1394 1245 Graium
1436 1220 1550 1256 yeme-s·
1591 1212 1683 1245 aera

206 1281 327 1325 linqua
361 1277 458 1314 Anu.
499 1278 593 1317 14⁴2&
632 1280 774 1313 Ennius
813 1279 899 1313 dicit
935 1278 1053 1313 Nilum
1095 1277 1273 1313 „Ilelom‘m
1319 1282 1447 1314 uocari
1456 1309 1464 1324 ‚
1504 1281 1682 1314 Atlantem

207 1360 294 1384 uero
322 1350 548 1385 Telamonem
580 1347 677 1384 Ann.
711 1346 738 1383 Ι.
771 1346 817 1383 fr.
848 1344 1023 1383 XXVIII.
1058 1345 1205 1392 Quibus
1228 1347 1360 1385 similia
1392 1360 1441 1385 ex
1463 1347 1682 1385 Euhemero

207 1423 314 1454 sunt:
346 1421 451 1456 Pluto
484 1423 611 1456 Latine
640 1424 691 1453 es!
720 1420 787 1454 [lis
817 1424 949 1464 paler.-
987 1420 1050 1453 aliz*
1080 1420 1210 1454 Oreum
1243 1426 1373 1455 uocant
1400 1417 1496 1455 Euh.
1536 1417 1607 1463 203
1647 1423 1682 1456 in

207 1501 246 1525 eo
290 1493 365 1525 locu
402 1493 567 1537 suspexit
602 1492 635 1524 in
673 1491 812 1524 eaelum
845 1490 940 1535 quod
968 1500 1064 1524 nunc
1088 1501 1154 1525 nos
1184 1493 1429 1538 nonn'mmms,
1458 1492 1562 1537 idque
1591 1492 1677 1538 Iup-

202 1563 298 1606 piter
327 1563 424 1607 quud
452 1562 577 1596 aelltes·
599 1560 796 1595 zcocabcclm·
821 1570 986 1604 precans
1007 1561 1170 1605 primum
1195 1562 1336 1595 caelum
1365 1563 1565 1597 nominauit
1582 1558 1680 1597 Euh.

207 1630 277 1671 33;
319 1632 402 1667 Ζάν
436 1626 592 1681 Κρόνου
628 1631 665 1664 id
700 1634 752 1663 est
789 1630 916 1664 Latine
955 1629 1123 1675 Iuppiter
1161 1631 1316 1667 Salurni
1348 1628 1445 1667 Euh.
1480 1631 1544 1668 74.
1583 1629 1682 1677 Quin

207 1701 319 1737 etiam
350 1700 580 1738 adlitteratio
613 1701 649 1736 in
675 1698 732 1736 his
767 1702 958 1736 Curetes
984 1702 1053 1745 filii
1078 1703 1138 1737 sui
1163 1708 1467 1738 cuz-auertant
1498 1699 1595 1738 Euh.
1630 1701 1677 1738 71

206 1771 293 1809 mihi
324 1772 403 1809 uisa
436 1776 494 1808 est
534 1770 706 1820 speciem
739 1769 926 1819 quandam
963 1768 1171 1807 Ennianam
1207 1768 1364 1807 habere.
1427 1769 1509 1817 Qua
1539 1782 1582 1808 re
1611 1770 1680 1808 fal-

206 1841 331 1879 luntur
362 1841 425 1892 qui
455 1840 712 1887 Lactantium,
742 1851 824 1876 cum
856 1850 926 1888 per
971 1836 1200 1876 Ciceronem
1240 1839 1355 1877 talem
1395 1839 1507 1878 Ennii
1544 1840 1681 1878 librum

206 1913 296 1949 olim
328 1912 447 1949 fuisse
479 1911 673 1956 uouisset,
707 1920 781 1958 quo
813 1909 933 1945 maior
961 1920 1054 1945 suae
1088 1908 1286 1947 doctrinae
1327 1911 1534 1948 auctoritas
1564 1910 1680 1949 adde·

205 1987 333 2028 retur,
365 1982 488 2031 ipsum
522 1993 589 2018 sua
619 1991 727 2017 manu
765 1978 998 2016 confinxisse
1029 1990 1126 2027 quae
1154 1991 1223 2029 pro
1255 1978 1435 2017 Ennianis
1467 1980 1682 2018 uenditaret

206 2050 447 2088 arbitrantur.
508 2051 603 2089 Nam
653 2050 755 2100 quod
794 2049 922 2087 uerbis
969 2047 1233 2086 Ciceronianis
1275 2048 1435 2086 Ennium
1472 2048 1680 2088 Euhemeri

205 2133 352 2158 sacram
370 2121 566 2159 historiam
585 2122 892 2170 <interpretatum
910 2130 998 2156 esse
1016 2124 1130 2168 atque
1155 2122 1343 2156 secutum'
1363 2119 1453 2157 dicit
1471 2118 1535 2171 (fr.
1555 2118 1680 2170 VIII)⁷

206 2191 294 2240 quid
324 2192 456 2228 mirum
497 2192 533 2228 in
577 2198 650 2229 tam
687 2190 859 2240 diligenti
892 2187 1092 2226 Ciceronis
1132 2187 1312 2227 lectore?
1380 2188 1523 2226 Verum
1554 2195 1680 2227 tamen

205 2263 288 2311 ipse
317 2263 518 2311 ignorasse
548 2262 697 2299 uidetur
725 2261 833 2299 Ennii
863 2259 1020 2307 librum,
1057 2271 1168 2308 quem
1198 2260 1350 2310 ineptiis
1384 2264 1584 2310 poetarum
1611 2271 1678 2310 op-

204 2337 321 2381 ponat
362 2331 428 2381 (fr.
465 2331 528 2369 111.
569 2331 684 2383 XII)7
728 2331 905 2369 uersibus
947 2331 1205 2381 conscriptum
1245 2331 1389 2379 fuisse,
1441 2331 1678 2380 quantumuis

205 2402 294 2439 alibi
319 2413 361 2439 se
388 2401 496 2439 Ennii
524 2402 642 2439 uerba
669 2402 888 2440 traditurum
911 2402 1150 2451 profiteatur,
1182 2400 1230 2438 cf.
1249 2400 1296 2437 fr.
1329 2399 1394 2438 Ill.
1422 2399 1522 2438 vlll.
1584 2400 1678 2439 Inde

204 2473 364 2521 suspitio
402 2462 486 2510 nata
528 2471 637 2509 Ennii
679 2484 814 2509 uersus
851 2472 1053 2521 antiquitus
1090 2472 1223 2509 nescio
1256 2483 1366 2521 quem
1397 2470 1433 2507 in
1466 2472 1677 2509 orationem

204 2540 424 2589 pedestrem
463 2542 726 2590 conuertisse⁷
759 2553 971 2579 conuersos
1004 2553 1112 2578 suum
1152 2541 1188 2577 in
1232 2552 1338 2578 usum
1383 2551 1548 2579 uocasse
1583 2541 1676 2579 Lac·

206 2610 372 2647 [antium.
