1762 3057
215 221 309 250 Lxx
747 210 1156 255 QVAESTIONES

216 324 470 362 Peiresciauis
501 322 534 359 ll
573 333 607 372 p.
638 319 717 357 578
749 319 879 357 Wess.
910 326 945 356 et
979 319 1145 357 sortasse
1171 319 1383 370 Appianum
1416 320 1461 357 fr.
1491 319 1542 357 IV
1565 318 1692 358 Mace-

221 393 456 430 donicorum.
501 391 634 429 Eidem
667 396 791 427 autem
826 391 1032 427 narrationi
1064 402 1146 428 cum
1175 402 1288 441 supra
1312 391 1356 427 fr.
1379 390 1431 428 vl
1452 389 1693 438 intexuerim,

221 470 294 501 tum
327 463 425 500 addo
456 474 552 499 nunc
586 462 629 498 i'r.
665 459 746 497 ΠΙ.
810 459 902 498 Cum
935 473 1029 499 cane
1061 462 1158 498 enim
1189 474 1300 511 quem
1331 465 1448 511 poeta
1479 459 1591 508 dicit,
1631 459 1694 509 qui

220 533 282 570 ubi
313 539 444 570 catena
478 532 678 569 deuinctus
713 531 832 569 feram
863 532 1021 579 sentiat7
1054 531 1202 570 ululare
1236 538 1346 569 acute
1379 530 1530 578 soleat,
1561 529 1694 566 nescio

220 615 264 639 an
304 613 378 638 nou
417 601 658 639 incommode
706 601 829 639 relicti
870 602 903 638 in
949 602 1131 651 angustiis
1166 614 1248 639 cum
1288 600 1497 638 Flaminino
1535 599 1695 637 Romani

219 672 506 721 significentur:
540 673 603 722 qui
632 685 714 710 cum
743 672 789 710 ad
821 673 983 711 hostium
1017 678 1141 711 castra
1173 672 1375 721 accedant,
1407 671 1531 709 subito
1555 671 1695 709 clamo-

219 755 299 780 rem
333 743 483 781 tollunt.

332 813 455 851 Desiit
497 815 557 852 hic
600 814 697 851 liber
734 815 770 851 in
806 827 931 864 pugna
970 813 1015 851 ad
1054 811 1371 863 Cynoscephalas
1411 824 1444 850 a.
1480 824 1515 849 11.
1549 823 1581 849 c.
1614 810 1695 847 555

222 886 437 923 commissa.
487 885 586 922 Ante
619 884 692 922 hoc
717 885 812 922 enim
836 883 1023 934 proelium
1047 882 1260 932 Quinctius⁷
1293 884 1378 921 dum
1404 883 1536 933 copias
1564 893 1697 920 omnes

222 955 255 991 iu
279 955 399 991 aciem
420 955 561 1003 educit7
585 956 725 993 acriter
746 955 885 992 milites
909 953 1132 991 cohortatur
1153 966 1264 992 suos:
1291 954 1391 992 conl.
1410 953 1516 991 Liuio
1534 951 1697 990 XXXIII

221 1023 264 1062 ὃς
298 1038 376 1062 cum
405 1028 516 1062 isdem
545 1028 805 1063 Macedonum
828 1032 1060 1074 pufflmmros
1089 1038 1178 1073 quos
1203 1027 1254 1062 acl
1281 1028 1390 1073 Epiri
1413 1028 1546 1075 fauces
1571 1028 1695 1063 monti-

220 1098 285 1133 lms
311 1099 591 1146 flunn'm'Zquue
615 1104 761 1146 saeplos
790 1100 887 1134 uicta
915 1098 1080 1133 naturali
1102 1098 1317 1143 difficultate
1345 1099 1505 1135 Iocorum
1536 1099 1697 1145 expulis-

221 1174 300 1203 sent
338 1171 486 1215 acieque
521 1175 815 1216 mpuslnasscnl:
854 1180 935 1204 cum
971 1170 1021 1203 eis
1057 1180 1145 1214 quos
1181 1169 1224 1203 P.
1266 1168 1420 1215 Sulpicii
1448 1171 1558 1216 prins
1590 1170 1699 1205 ductu

222 1239 422 1273 obsidentes
454 1241 488 1274 in
520 1241 728 1275 Eordaeam
758 1240 893 1275 (alitum
924 1242 1110 1275 m‘vissent:
1139 1239 1243 1285 fama
1275 1241 1426 1281 stetisse,
1462 1251 1533 1275 mm
1561 1241 1700 1275 uiribus

221 1308 461 1343 illacedom'ae
487 1321 656 1356 remman:
685 1322 763 1345 eam
794 1322 933 1358 quoque
962 1311 1102 1356 famam
1129 1310 1269 1344 landem
1291 1312 1495 1346 euanuisse.
1554 1308 1595 1346 In
1626 1320 1698 1358 qua

223 1375 490 1414 cohortatione
516 1378 625 1415 uides
658 1390 732 1428 quo
763 1379 875 1417 modo
907 1379 1032 1416 locum
1056 1378 1198 1416 habere
1229 1379 1424 1429 potuerint
1454 1377 1566 1416 Ennii
1595 1379 1697 1429 frag-

221 1452 346 1484 menta
372 1446 473 1484 VIII.
505 1447 569 1485 lX.
597 1447 642 1485 X.

336 1517 493 1555 Relicua
532 1520 698 1557 incerta:
740 1520 807 1557 sed
838 1520 1047 1557 undecimi.
1082 1529 1163 1555 cum
1196 1516 1243 1554 de
1275 1517 1368 1554 sede
1399 1518 1489 1556 nihil
1520 1521 1697 1569 emerim,

222 1588 526 1627 emendationem
559 1591 709 1640 quidem
742 1603 852 1640 quam
882 1589 1068 1640 proposui
1098 1599 1172 1625 uon
1202 1600 1322 1626 meam
1354 1590 1423 1627 sed
1453 1589 1582 1627 Iacobi
1606 1589 1697 1627 Ber-

225 1660 367 1707 naysii3
399 1661 430 1696 si
459 1667 620 1710 poterm
654 1662 864 1711 perficiam.
926 1660 998 1707 Qui
1031 1672 1112 1697 cum
1141 1666 1271 1698 cetera
1303 1661 1504 1698 uerissime
1534 1665 1574 1697 ut
1605 1666 1697 1711 puto

223 1729 469 1778 restituisset,
505 1745 574 1769 una
597 1741 706 1780 paler
734 1744 807 1769 uox
838 1730 1027 1782 probabili
1059 1731 1305 1768 coniecturae
1338 1730 1562 1768 obstinat-ius
1594 1730 1698 1769 uide-

223 1799 331 1837 batur
366 1801 575 1850 refragari:
611 1803 790 1853 quodque
823 1804 906 1852 ipse
944 1813 1018 1839 nou
1056 1803 1331 1839 incouueuieus
1364 1801 1515 1852 quidem
1546 1807 1698 1839 senten·

222 1871 296 1907 tiae
329 1876 464 1909 ‹wrz'ler
494 1875 627 1922 posui‚
661 1874 772 1911 ualde
805 1879 965 1923 propter
995 1872 1211 1909 mutationis
1244 1871 1592 1922 inprobabilitatem
1625 1873 1698 1911 dis-

221 1941 410 1990 plicebat:
443 1954 517 1992 quo
555 1943 705 1993 quidem
739 1944 842 1980 nolui
873 1943 973 1980 aliud
1005 1942 1222 1991 siguificare
1255 1954 1364 1992 qnam
1397 1942 1518 1979 latere
1551 1942 1620 1979 sub
1653 1955 1698 1981 ea

223 2023 321 2049 uoce
345 2013 446 2061 qnod
465 2013 509 2049 ad
526 2012 684 2049 Ennium
705 2014 916 2062 pertineret
939 2012 1141 2062 aliquando
1163 2012 1382 2050 eruendum.
1416 2011 1524 2050 Nunc
1541 2012 1699 2051 Enniani

223 2081 271 2118 ibi
304 2082 391 2119 nihil
424 2082 586 2119 subesse
617 2082 703 2119 mihi
725 2083 923 2132 persuasi,
958 2094 1082 2131 neque
1107 2094 1198 2119 uero
1223 2083 1267 2120 ad
1290 2082 1402 2120 Nouii
1427 2082 1484 2133 (p.
1508 2082 1602 2131 3707
1624 2083 1697 2135 22)

222 2152 340 2189 ucrba
376 2152 460 2189 inde
493 2153 695 2203 quicquam
728 2151 961 2199 redundare7
1010 2152 1119 2189 immo
1152 2153 1365 2191 eiciendum
1401 2166 1489 2191 esse
1530 2155 1698 2204 inportu-

224 2234 308 2258 num
352 2222 578 2260 uocabulum
627 2222 867 2260 librariorum
910 2229 983 2259 tam
1037 2234 1169 2260 errore
1223 2236 1331 2273 (ptam
1374 2225 1518 2262 incuria
1563 2231 1697 2263 ortum.

223 2291 371 2342 Nempe
403 2292 491 2329 olim
523 2295 557 2331 1’11
592 2292 703 2331 Nonii
746 2296 877 2331 nescio
913 2305 988 2344 quo
1024 2294 1161 2331 codice
1199 2295 1339 2332 nostris
1373 2295 1575 2345 superiore
1603 2294 1700 2333 haec

222 2361 299 2398 loci
343 2364 497 2412 species
546 2365 816 2414 comparebat:
868 2368 1010 2401 Ennius
1052 2368 1236 2402 (trinalium
1268 2368 1325 2402 lib.
1364 2368 1406 2402 X
1442 2378 1552 2415 aeqro
1591 2369 1701 2404 corde

223 2436 332 2469 cozm's
354 2438 480 2481 passis
517 2438 588 2472 late
621 2439 758 2484 palmis
786 2443 931 2485 palen
959 2439 1082 2483 passis
1121 2440 1172 2472 ait
1189 2440 1326 2484 palmis
1359 2439 1636 2489 patentibus
1669 2443 1702 2474 el

224 2507 395 2540 (ιι-101313.
456 2504 601 2553 Aperta
634 2508 776 2543 erroris
803 2492 935 2553 oriig'o'„
989 2505 1085 2542 uude
1127 2506 1288 2556 procliui
1330 2506 1576 2556 corruptelae
1611 2518 1698 2557 pro-

222 2584 359 2619 gressu
401 2577 628 2624 posterioris
671 2577 813 2615 librarii
853 2577 995 2613 incuria
1034 2576 1125 2614 illud
1167 2577 1407 2627 procreauit,
1451 2576 1551 2626 quod
1585 2576 1698 2615 hodie

225 2643 490 2682 circumfertur
522 2647 555 2683 in
582 2646 701 2684 libris.
1516 2662 1533 2670 ·

334 2712 596 2752 Vudccimo
632 2729 650 2753 a
664 2715 796 2753 unali
830 2728 891 2752 res
910 2715 1107 2753 Flaminini
1128 2716 1391 2752 continuantur
1414 2726 1458 2751 ac
1491 2715 1534 2751 fr.
1568 2714 1582 2752 1
1612 2713 1693 2751 Phi-

223 2780 314 2831 lippi
346 2783 532 2831 ingenium
564 2785 807 2834 designatur„
851 2786 912 2835 qui
942 2798 1023 2822 cum
1057 2791 1143 2822 ante
1173 2784 1326 2821 multum
1359 2784 1599 2835 insuperbire
1631 2796 1692 2822 so-
