<?xml version="1.0" encoding="UTF-8"?>
<!DOCTYPE html PUBLIC "-//W3C//DTD XHTML 1.0 Transitional//EN"
    "http://www.w3.org/TR/xhtml1/DTD/xhtml1-transitional.dtd">
<html xmlns="http://www.w3.org/1999/xhtml" xml:lang="en" lang="en">
 <head>
  <title>
</title>
<meta http-equiv="Content-Type" content="text/html;charset=utf-8" />
  <meta name='ocr-system' content='tesseract 3.04.00' />
  <meta name='ocr-capabilities' content='ocr_page ocr_carea ocr_par ocr_line ocrx_word'/>
</head>
<body>
  <div class='ocr_page' id='page_1' title='image "./poesisreliquiae00enniuoft_0091.png"; bbox 0 0 1762 3057; ppageno 0'>
   <div class='ocr_carea' id='block_1_1' title="bbox 688 184 1574 222">
    <p class='ocr_par' dir='ltr' id='par_1_1' title="bbox 688 184 1574 222">
     <span class='ocr_line' id='line_1_1' title="bbox 688 184 1574 222; baseline 0.005 -4"><span class='ocrx_word' id='word_1_1' title='bbox 688 184 987 221; x_wconf 67' lang='lat' dir='ltr'>ENNIANAE</span> <span class='ocrx_word' id='word_1_2' title='bbox 1388 192 1574 222; x_wconf 87' lang='lat' dir='ltr'>LXXXIII</span> 
     </span>
    </p>
   </div>
   <div class='ocr_carea' id='block_1_2' title="bbox 79 294 1573 2797">
    <p class='ocr_par' dir='ltr' id='par_1_2' title="bbox 86 294 1573 2235">
     <span class='ocr_line' id='line_1_2' title="bbox 97 294 1571 341; baseline 0.004 -14"><span class='ocrx_word' id='word_1_3' title='bbox 97 304 169 339; x_wconf 79' lang='lat' dir='ltr'><strong>qua</strong></span> <span class='ocrx_word' id='word_1_4' title='bbox 192 294 339 338; x_wconf 79' lang='lat' dir='ltr'><strong>primas</strong></span> <span class='ocrx_word' id='word_1_5' title='bbox 372 294 545 337; x_wconf 69' lang='lat' dir='ltr'><strong>insiynem</strong></span> <span class='ocrx_word' id='word_1_6' title='bbox 578 295 720 330; x_wconf 72' lang='lat' dir='ltr'><strong>[caedem</strong></span> <span class='ocrx_word' id='word_1_7' title='bbox 752 297 905 341; x_wconf 78' lang='lat' dir='ltr'><strong>adeptus</strong></span> <span class='ocrx_word' id='word_1_8' title='bbox 939 297 1098 332; x_wconf 68' lang='lat' dir='ltr'><strong>Lucilius</strong></span> <span class='ocrx_word' id='word_1_9' title='bbox 1122 318 1177 322; x_wconf 86' lang='lat'><strong>——</strong></span> <span class='ocrx_word' id='word_1_10' title='bbox 1200 319 1256 322; x_wconf 82' lang='lat'><strong>—</strong></span> <span class='ocrx_word' id='word_1_11' title='bbox 1285 298 1438 333; x_wconf 78' lang='lat' dir='ltr'><em>eruditio</em></span> <span class='ocrx_word' id='word_1_12' title='bbox 1466 300 1500 333; x_wconf 82' lang='lat' dir='ltr'><strong>in</strong></span> <span class='ocrx_word' id='word_1_13' title='bbox 1532 309 1571 334; x_wconf 88' lang='lat' dir='ltr'><strong>eo</strong></span> 
     </span>
     <span class='ocr_line' id='line_1_3' title="bbox 96 350 1573 409; baseline 0.005 -13"><span class='ocrx_word' id='word_1_14' title='bbox 96 364 191 397; x_wconf 81' lang='lat' dir='ltr'><strong>mira</strong></span> <span class='ocrx_word' id='word_1_15' title='bbox 234 366 267 398; x_wconf 78' lang='lat' dir='ltr'><strong>ec</strong></span> <span class='ocrx_word' id='word_1_16' title='bbox 304 350 450 398; x_wconf 69' lang='lat' dir='ltr'><strong>libertas</strong></span> <span class='ocrx_word' id='word_1_17' title='bbox 486 368 593 409; x_wconf 80' lang='lat' dir='ltr'><strong>atque</strong></span> <span class='ocrx_word' id='word_1_18' title='bbox 627 366 710 399; x_wconf 76' lang='lat' dir='ltr'><strong>inde</strong></span> <span class='ocrx_word' id='word_1_19' title='bbox 748 367 928 401; x_wconf 75' lang='lat' dir='ltr'><em>acerbitas</em></span> <span class='ocrx_word' id='word_1_20' title='bbox 964 372 996 402; x_wconf 76' lang='lat' dir='ltr'><strong>et</strong></span> <span class='ocrx_word' id='word_1_21' title='bbox 1036 368 1178 403; x_wconf 74' lang='lat' dir='ltr'><strong>abunde</strong></span> <span class='ocrx_word' id='word_1_22' title='bbox 1209 369 1310 403; x_wconf 79' lang='lat' dir='ltr'><strong>salis.</strong></span> <span class='ocrx_word' id='word_1_23' title='bbox 1377 368 1491 404; x_wconf 75' lang='lat' dir='ltr'><strong>Maleo</strong></span> <span class='ocrx_word' id='word_1_24' title='bbox 1521 375 1573 404; x_wconf 71' lang='lat' dir='ltr'><strong>est</strong></span> 
     </span>
     <span class='ocr_line' id='line_1_4' title="bbox 95 435 1572 481; baseline 0.005 -14"><span class='ocrx_word' id='word_1_25' title='bbox 95 435 225 468; x_wconf 77' lang='lat' dir='ltr'><em>tersior</em></span> <span class='ocrx_word' id='word_1_26' title='bbox 262 445 307 468; x_wconf 86' lang='lat' dir='ltr'><strong>ac</strong></span> <span class='ocrx_word' id='word_1_27' title='bbox 344 443 467 480; x_wconf 77' lang='lat' dir='ltr'><strong>paras</strong></span> <span class='ocrx_word' id='word_1_28' title='bbox 506 437 620 481; x_wconf 71' lang='lat' dir='ltr'><strong>mayis</strong></span> <span class='ocrx_word' id='word_1_29' title='bbox 657 435 834 471; x_wconf 71' lang='lat' dir='ltr'><strong>Hor-alias</strong></span> <span class='ocrx_word' id='word_1_30' title='bbox 869 441 902 471; x_wconf 79' lang='lat' dir='ltr'><strong>el</strong></span> <span class='ocrx_word' id='word_1_31' title='bbox 943 438 994 472; x_wconf 75' lang='lat' dir='ltr'><strong>acl</strong></span> <span class='ocrx_word' id='word_1_32' title='bbox 1021 439 1199 473; x_wconf 68' lang='lat' dir='ltr'><strong>normales</strong></span> <span class='ocrx_word' id='word_1_33' title='bbox 1231 439 1414 474; x_wconf 77' lang='lat' dir='ltr'><strong>hominum</strong></span> <span class='ocrx_word' id='word_1_34' title='bbox 1452 450 1572 475; x_wconf 84' lang='lat' dir='ltr'><strong>mores</strong></span> 
     </span>
     <span class='ocr_line' id='line_1_5' title="bbox 87 504 1571 553; baseline 0.005 -16"><span class='ocrx_word' id='word_1_35' title='bbox 87 505 330 549; x_wconf 76' lang='lat' dir='ltr'><strong>praecipuus.</strong></span> <span class='ocrx_word' id='word_1_36' title='bbox 412 504 565 539; x_wconf 78' lang='lat' dir='ltr'><strong>Multam</strong></span> <span class='ocrx_word' id='word_1_37' title='bbox 604 510 638 540; x_wconf 79' lang='lat' dir='ltr'><strong>et</strong></span> <span class='ocrx_word' id='word_1_38' title='bbox 674 517 788 541; x_wconf 63' lang='lat' dir='ltr'><strong>atrae</strong></span> <span class='ocrx_word' id='word_1_39' title='bbox 834 509 974 553; x_wconf 57' lang='lat' dir='ltr'><strong>(floriac</strong></span> <span class='ocrx_word' id='word_1_40' title='bbox 1006 510 1171 553; x_wconf 75' lang='lat' dir='ltr'><strong>quamuis</strong></span> <span class='ocrx_word' id='word_1_41' title='bbox 1205 520 1275 543; x_wconf 80' lang='lat' dir='ltr'><strong>uno</strong></span> <span class='ocrx_word' id='word_1_42' title='bbox 1305 509 1393 544; x_wconf 81' lang='lat' dir='ltr'><strong>libro</strong></span> <span class='ocrx_word' id='word_1_43' title='bbox 1419 510 1571 545; x_wconf 80' lang='lat' dir='ltr'><em>Persius</em></span> 
     </span>
     <span class='ocr_line' id='line_1_6' title="bbox 94 575 1569 623; baseline 0.006 -17"><span class='ocrx_word' id='word_1_44' title='bbox 94 575 225 608; x_wconf 72' lang='lat' dir='ltr'><strong>meruit</strong></span> <span class='ocrx_word' id='word_1_45' title='bbox 257 596 312 599; x_wconf 84' lang='lat'>—</span> <span class='ocrx_word' id='word_1_46' title='bbox 346 576 498 610; x_wconf 73' lang='lat' dir='ltr'><strong>alteram</strong></span> <span class='ocrx_word' id='word_1_47' title='bbox 539 576 629 611; x_wconf 71' lang='lat' dir='ltr'><em>illud</em></span> <span class='ocrx_word' id='word_1_48' title='bbox 662 578 767 611; x_wconf 58' lang='lat' dir='ltr'><strong>veiam</strong></span> <span class='ocrx_word' id='word_1_49' title='bbox 805 579 915 623; x_wconf 75' lang='lat' dir='ltr'><strong>prius</strong></span> <span class='ocrx_word' id='word_1_50' title='bbox 945 582 1095 612; x_wconf 79' lang='lat' dir='ltr'><strong>saturae</strong></span> <span class='ocrx_word' id='word_1_51' title='bbox 1122 588 1257 623; x_wconf 66' lang='lat' dir='ltr'><strong>glenus,</strong></span> <span class='ocrx_word' id='word_1_52' title='bbox 1297 579 1365 613; x_wconf 78' lang='lat' dir='ltr'><strong>sed</strong></span> <span class='ocrx_word' id='word_1_53' title='bbox 1391 591 1462 614; x_wconf 81' lang='lat' dir='ltr'><strong>non</strong></span> <span class='ocrx_word' id='word_1_54' title='bbox 1492 581 1569 615; x_wconf 80' lang='lat' dir='ltr'><strong>sola</strong></span> 
     </span>
     <span class='ocr_line' id='line_1_7' title="bbox 93 628 1567 685; baseline 0.005 -7"><span class='ocrx_word' id='word_1_55' title='bbox 93 645 295 678; x_wconf 78' lang='lat' dir='ltr'><em>carminum</em></span> <span class='ocrx_word' id='word_1_56' title='bbox 338 628 513 679; x_wconf 65' lang='lat' dir='ltr'><strong>uarietate</strong></span> <span class='ocrx_word' id='word_1_57' title='bbox 541 647 692 680; x_wconf 70' lang='lat' dir='ltr'><strong>mixtwn</strong></span> <span class='ocrx_word' id='word_1_58' title='bbox 727 648 884 682; x_wconf 70' lang='lat' dir='ltr'><strong>condidit</strong></span> <span class='ocrx_word' id='word_1_59' title='bbox 917 647 1107 682; x_wconf 69' lang='lat' dir='ltr'><strong>Terentius</strong></span> <span class='ocrx_word' id='word_1_60' title='bbox 1146 648 1266 682; x_wconf 74' lang='lat' dir='ltr'><strong>Varro</strong></span> <span class='ocrx_word' id='word_1_61' title='bbox 1296 650 1356 683; x_wconf 66' lang='grc' dir='ltr'><strong>τήν</strong></span> <span class='ocrx_word' id='word_1_62' title='bbox 1384 649 1567 685; x_wconf 31' lang='lat' dir='ltr'><strong>Romano*</strong></span> 
     </span>
     <span class='ocr_line' id='line_1_8' title="bbox 92 711 1569 764; baseline 0.005 -17"><span class='ocrx_word' id='word_1_63' title='bbox 92 725 173 748; x_wconf 82' lang='lat' dir='ltr'><strong>rum</strong></span> <span class='ocrx_word' id='word_1_64' title='bbox 200 714 472 750; x_wconf 75' lang='lat' dir='ltr'><strong>eruditissimus.</strong></span> <span class='ocrx_word' id='word_1_65' title='bbox 546 711 590 749; x_wconf 74' lang='lat' dir='ltr'><strong>Ni</strong></span> <span class='ocrx_word' id='word_1_66' title='bbox 642 714 771 750; x_wconf 90' lang='lat' dir='ltr'><strong>mirum</strong></span> <span class='ocrx_word' id='word_1_67' title='bbox 818 714 940 751; x_wconf 78' lang='lat' dir='ltr'><strong>altero</strong></span> <span class='ocrx_word' id='word_1_68' title='bbox 985 714 1049 751; x_wconf 91' lang='lat' dir='ltr'><strong>illo</strong></span> <span class='ocrx_word' id='word_1_69' title='bbox 1096 715 1208 751; x_wconf 82' lang='lat' dir='ltr'><strong>etiam</strong></span> <span class='ocrx_word' id='word_1_70' title='bbox 1252 716 1380 764; x_wconf 89' lang='lat' dir='ltr'><strong>priore</strong></span> <span class='ocrx_word' id='word_1_71' title='bbox 1417 723 1569 755; x_wconf 87' lang='lat' dir='ltr'><strong>saturae</strong></span> 
     </span>
     <span class='ocr_line' id='line_1_9' title="bbox 91 781 1567 833; baseline 0.004 -16"><span class='ocrx_word' id='word_1_72' title='bbox 91 793 237 830; x_wconf 85' lang='lat' dir='ltr'><strong>genere</strong></span> <span class='ocrx_word' id='word_1_73' title='bbox 268 781 474 820; x_wconf 88' lang='lat' dir='ltr'><strong>Ennianam</strong></span> <span class='ocrx_word' id='word_1_74' title='bbox 507 782 741 821; x_wconf 86' lang='lat' dir='ltr'><strong>hauddubie</strong></span> <span class='ocrx_word' id='word_1_75' title='bbox 770 790 934 822; x_wconf 85' lang='lat' dir='ltr'><strong>saturam</strong></span> <span class='ocrx_word' id='word_1_76' title='bbox 965 784 1175 833; x_wconf 83' lang='lat' dir='ltr'><strong>significat:</strong></span> <span class='ocrx_word' id='word_1_77' title='bbox 1209 785 1267 822; x_wconf 91' lang='lat' dir='ltr'><strong>cui</strong></span> <span class='ocrx_word' id='word_1_78' title='bbox 1302 798 1385 822; x_wconf 90' lang='lat' dir='ltr'><strong>cum</strong></span> <span class='ocrx_word' id='word_1_79' title='bbox 1417 792 1567 823; x_wconf 88' lang='lat' dir='ltr'><strong>cetero-</strong></span> 
     </span>
     <span class='ocr_line' id='line_1_10' title="bbox 92 852 1566 904; baseline 0.003 -16"><span class='ocrx_word' id='word_1_80' title='bbox 92 852 180 902; x_wconf 87' lang='lat' dir='ltr'>quin</span> <span class='ocrx_word' id='word_1_81' title='bbox 201 853 405 902; x_wconf 88' lang='lat' dir='ltr'><strong>persimilis</strong></span> <span class='ocrx_word' id='word_1_82' title='bbox 424 859 529 890; x_wconf 84' lang='lat' dir='ltr'><strong>esset</strong></span> <span class='ocrx_word' id='word_1_83' title='bbox 551 853 802 902; x_wconf 48' lang='lat' dir='ltr'><strong>varroniana</strong></span> <span class='ocrx_word' id='word_1_84' title='bbox 825 866 871 892; x_wconf 90' lang='lat' dir='ltr'><strong>eo</strong></span> <span class='ocrx_word' id='word_1_85' title='bbox 891 854 1055 892; x_wconf 85' lang='lat' dir='ltr'><strong>distabat</strong></span> <span class='ocrx_word' id='word_1_86' title='bbox 1077 855 1178 904; x_wconf 87' lang='lat' dir='ltr'><strong>qnod</strong></span> <span class='ocrx_word' id='word_1_87' title='bbox 1205 860 1241 891; x_wconf 91' lang='lat' dir='ltr'><strong>et</strong></span> <span class='ocrx_word' id='word_1_88' title='bbox 1269 855 1430 892; x_wconf 87' lang='lat' dir='ltr'><strong>solutam</strong></span> <span class='ocrx_word' id='word_1_89' title='bbox 1457 855 1566 892; x_wconf 87' lang='lat' dir='ltr'><strong>simul</strong></span> 
     </span>
     <span class='ocr_line' id='line_1_11' title="bbox 92 923 1564 975; baseline 0.001 -15"><span class='ocrx_word' id='word_1_90' title='bbox 92 929 130 960; x_wconf 84' lang='lat' dir='ltr'><strong>et</strong></span> <span class='ocrx_word' id='word_1_91' title='bbox 163 924 278 961; x_wconf 88' lang='lat' dir='ltr'><strong>uariis</strong></span> <span class='ocrx_word' id='word_1_92' title='bbox 308 923 534 962; x_wconf 79' lang='lat' dir='ltr'><strong>carminibus</strong></span> <span class='ocrx_word' id='word_1_93' title='bbox 559 924 719 961; x_wconf 84' lang='lat' dir='ltr'><strong>uinctam</strong></span> <span class='ocrx_word' id='word_1_94' title='bbox 744 925 954 963; x_wconf 85' lang='lat' dir='ltr'><strong>orationem</strong></span> <span class='ocrx_word' id='word_1_95' title='bbox 976 924 1306 975; x_wconf 79' lang='lat' dir='ltr'><strong>repraesentabat.</strong></span> <span class='ocrx_word' id='word_1_96' title='bbox 1369 925 1444 962; x_wconf 88' lang='lat' dir='ltr'><strong>Sed</strong></span> <span class='ocrx_word' id='word_1_97' title='bbox 1474 925 1564 962; x_wconf 88' lang='lat' dir='ltr'><strong>doc-</strong></span> 
     </span>
     <span class='ocr_line' id='line_1_12' title="bbox 91 994 1567 1045; baseline -0.001 -13"><span class='ocrx_word' id='word_1_98' title='bbox 91 996 166 1032; x_wconf 84' lang='lat' dir='ltr'><strong>n&#39;or</strong></span> <span class='ocrx_word' id='word_1_99' title='bbox 204 994 300 1032; x_wconf 85' lang='lat' dir='ltr'><strong>haec</strong></span> <span class='ocrx_word' id='word_1_100' title='bbox 335 994 572 1032; x_wconf 72' lang='lat' dir='ltr'><strong>varroniana</strong></span> <span class='ocrx_word' id='word_1_101' title='bbox 603 1006 647 1031; x_wconf 88' lang='lat' dir='ltr'><strong>ac</strong></span> <span class='ocrx_word' id='word_1_102' title='bbox 683 995 954 1045; x_wconf 76' lang='lat' dir='ltr'><strong>multipliciore</strong></span> <span class='ocrx_word' id='word_1_103' title='bbox 993 995 1151 1032; x_wconf 82' lang='lat' dir='ltr'><strong>forsitan</strong></span> <span class='ocrx_word' id='word_1_104' title='bbox 1190 1000 1414 1044; x_wconf 84' lang='lat' dir='ltr'><strong>argumento</strong></span> <span class='ocrx_word' id='word_1_105' title='bbox 1457 1006 1567 1044; x_wconf 88' lang='lat' dir='ltr'><strong>quam</strong></span> 
     </span>
     <span class='ocr_line' id='line_1_13' title="bbox 91 1064 1566 1115; baseline -0.001 -12"><span class='ocrx_word' id='word_1_106' title='bbox 91 1065 259 1103; x_wconf 89' lang='lat' dir='ltr'><strong>Enniana</strong></span> <span class='ocrx_word' id='word_1_107' title='bbox 303 1065 434 1103; x_wconf 88' lang='lat' dir='ltr'><strong>fuerit:</strong></span> <span class='ocrx_word' id='word_1_108' title='bbox 480 1064 695 1114; x_wconf 82' lang='lat' dir='ltr'><strong>aequalium</strong></span> <span class='ocrx_word' id='word_1_109' title='bbox 738 1071 862 1103; x_wconf 91' lang='lat' dir='ltr'><strong>autem</strong></span> <span class='ocrx_word' id='word_1_110' title='bbox 904 1065 1138 1102; x_wconf 84' lang='lat' dir='ltr'><strong>cauillationi</strong></span> <span class='ocrx_word' id='word_1_111' title='bbox 1176 1065 1393 1115; x_wconf 84' lang='lat' dir='ltr'><strong>aeriorique</strong></span> <span class='ocrx_word' id='word_1_112' title='bbox 1422 1076 1566 1102; x_wconf 90' lang='lat' dir='ltr'><strong>morum</strong></span> 
     </span>
     <span class='ocr_line' id='line_1_14' title="bbox 91 1135 1564 1186; baseline -0.001 -12"><span class='ocrx_word' id='word_1_113' title='bbox 91 1149 278 1174; x_wconf 82' lang='lat' dir='ltr'><strong>censurae</strong></span> <span class='ocrx_word' id='word_1_114' title='bbox 324 1141 494 1173; x_wconf 90' lang='lat' dir='ltr'><strong>neutram</strong></span> <span class='ocrx_word' id='word_1_115' title='bbox 539 1136 720 1183; x_wconf 80' lang='lat' dir='ltr'><strong>insignius</strong></span> <span class='ocrx_word' id='word_1_116' title='bbox 769 1135 932 1173; x_wconf 86' lang='lat' dir='ltr'><strong>deditam</strong></span> <span class='ocrx_word' id='word_1_117' title='bbox 976 1136 1234 1173; x_wconf 77' lang='lat' dir='ltr'><strong>existimarim.</strong></span> <span class='ocrx_word' id='word_1_118' title='bbox 1315 1135 1356 1173; x_wconf 92' lang='lat' dir='ltr'><strong>In</strong></span> <span class='ocrx_word' id='word_1_119' title='bbox 1405 1147 1477 1186; x_wconf 87' lang='lat' dir='ltr'><strong>qna</strong></span> <span class='ocrx_word' id='word_1_120' title='bbox 1523 1147 1564 1172; x_wconf 86' lang='lat' dir='ltr'><strong>re</strong></span> 
     </span>
     <span class='ocr_line' id='line_1_15' title="bbox 91 1205 1562 1258; baseline -0.001 -14"><span class='ocrx_word' id='word_1_121' title='bbox 91 1209 344 1258; x_wconf 83' lang='lat' dir='ltr'><strong>principatum</strong></span> <span class='ocrx_word' id='word_1_122' title='bbox 376 1206 521 1244; x_wconf 86' lang='lat' dir='ltr'><strong>obtinet</strong></span> <span class='ocrx_word' id='word_1_123' title='bbox 551 1206 739 1252; x_wconf 41' lang='lat' dir='ltr'><strong>Luciliu&amp;</strong></span> <span class='ocrx_word' id='word_1_124' title='bbox 774 1205 873 1242; x_wconf 86' lang='lat' dir='ltr'><strong>unde</strong></span> <span class='ocrx_word' id='word_1_125' title='bbox 902 1209 1043 1254; x_wconf 77' lang='lat' dir='ltr'><strong>poetae</strong></span> <span class='ocrx_word' id='word_1_126' title='bbox 1075 1206 1137 1255; x_wconf 83' lang='lat' dir='ltr'><strong>qui</strong></span> <span class='ocrx_word' id='word_1_127' title='bbox 1171 1211 1307 1255; x_wconf 79' lang='lat' dir='ltr'><strong>postea</strong></span> <span class='ocrx_word' id='word_1_128' title='bbox 1340 1207 1374 1242; x_wconf 93' lang='lat' dir='ltr'><strong>in</strong></span> <span class='ocrx_word' id='word_1_129' title='bbox 1401 1205 1475 1243; x_wconf 88' lang='lat' dir='ltr'><strong>hoc</strong></span> <span class='ocrx_word' id='word_1_130' title='bbox 1496 1218 1562 1255; x_wconf 81' lang='lat' dir='ltr'><strong>ge-</strong></span> 
     </span>
     <span class='ocr_line' id='line_1_16' title="bbox 90 1275 1563 1326; baseline -0.002 -11"><span class='ocrx_word' id='word_1_131' title='bbox 90 1290 182 1315; x_wconf 84' lang='lat' dir='ltr'><strong>nere</strong></span> <span class='ocrx_word' id='word_1_132' title='bbox 217 1278 417 1325; x_wconf 70' lang='lat' dir='ltr'><strong>claruere,</strong></span> <span class='ocrx_word' id='word_1_133' title='bbox 461 1277 632 1315; x_wconf 81' lang='lat' dir='ltr'><strong>colorem</strong></span> <span class='ocrx_word' id='word_1_134' title='bbox 669 1275 856 1326; x_wconf 79' lang='lat' dir='ltr'><strong>quendam</strong></span> <span class='ocrx_word' id='word_1_135' title='bbox 895 1288 939 1312; x_wconf 86' lang='lat' dir='ltr'><strong>ac</strong></span> <span class='ocrx_word' id='word_1_136' title='bbox 978 1287 1144 1313; x_wconf 81' lang='lat' dir='ltr'><strong>normam</strong></span> <span class='ocrx_word' id='word_1_137' title='bbox 1183 1277 1366 1314; x_wconf 86' lang='lat' dir='ltr'><strong>materiae</strong></span> <span class='ocrx_word' id='word_1_138' title='bbox 1403 1287 1563 1325; x_wconf 90' lang='lat' dir='ltr'><strong>recepe-</strong></span> 
     </span>
     <span class='ocr_line' id='line_1_17' title="bbox 90 1345 1564 1400; baseline -0.002 -15"><span class='ocrx_word' id='word_1_139' title='bbox 90 1353 186 1385; x_wconf 90' lang='lat' dir='ltr'><strong>runt.</strong></span> <span class='ocrx_word' id='word_1_140' title='bbox 248 1347 393 1394; x_wconf 86' lang='lat' dir='ltr'><strong>Quibus</strong></span> <span class='ocrx_word' id='word_1_141' title='bbox 427 1360 509 1385; x_wconf 89' lang='lat' dir='ltr'><strong>cum</strong></span> <span class='ocrx_word' id='word_1_142' title='bbox 543 1347 606 1400; x_wconf 87' lang='lat' dir='ltr'><strong>ille</strong></span> <span class='ocrx_word' id='word_1_143' title='bbox 639 1348 689 1383; x_wconf 93' lang='lat' dir='ltr'><strong>nti</strong></span> <span class='ocrx_word' id='word_1_144' title='bbox 722 1346 798 1382; x_wconf 75' lang='lat' dir='ltr'><strong>«lixi</strong></span> <span class='ocrx_word' id='word_1_145' title='bbox 830 1346 942 1382; x_wconf 83' lang='lat' dir='ltr'><strong>etiam</strong></span> <span class='ocrx_word' id='word_1_146' title='bbox 973 1345 1283 1383; x_wconf 79' lang='lat' dir='ltr'><strong>hexametrorum</strong></span> <span class='ocrx_word' id='word_1_147' title='bbox 1315 1358 1421 1383; x_wconf 88' lang='lat' dir='ltr'><strong>nsum</strong></span> <span class='ocrx_word' id='word_1_148' title='bbox 1456 1357 1564 1395; x_wconf 86' lang='lat' dir='ltr'><strong>prae-</strong></span> 
     </span>
     <span class='ocr_line' id='line_1_18' title="bbox 89 1415 1565 1466; baseline -0.001 -12"><span class='ocrx_word' id='word_1_149' title='bbox 89 1419 243 1466; x_wconf 70' lang='lat' dir='ltr'><strong>inisset7</strong></span> <span class='ocrx_word' id='word_1_150' title='bbox 279 1417 365 1455; x_wconf 86' lang='lat' dir='ltr'><strong>inde</strong></span> <span class='ocrx_word' id='word_1_151' title='bbox 403 1429 476 1454; x_wconf 90' lang='lat' dir='ltr'><strong>non</strong></span> <span class='ocrx_word' id='word_1_152' title='bbox 519 1418 649 1454; x_wconf 85' lang='lat' dir='ltr'><strong>iniuria</strong></span> <span class='ocrx_word' id='word_1_153' title='bbox 686 1415 864 1452; x_wconf 82' lang='lat' dir='ltr'><strong>Horatius</strong></span> <span class='ocrx_word' id='word_1_154' title='bbox 896 1416 996 1463; x_wconf 77' lang='lat' dir='ltr'><strong>(Sat.</strong></span> <span class='ocrx_word' id='word_1_155' title='bbox 1033 1415 1045 1452; x_wconf 99' lang='grc' dir='ltr'>Ι</span> <span class='ocrx_word' id='word_1_156' title='bbox 1087 1416 1153 1458; x_wconf 69' lang='grc' dir='ltr'><strong>Η),</strong></span> <span class='ocrx_word' id='word_1_157' title='bbox 1186 1415 1259 1466; x_wconf 70' lang='lat'><strong>48)</strong></span> <span class='ocrx_word' id='word_1_158' title='bbox 1301 1418 1381 1454; x_wconf 88' lang='lat' dir='ltr'><strong>eins</strong></span> <span class='ocrx_word' id='word_1_159' title='bbox 1414 1422 1565 1454; x_wconf 86' lang='lat' dir='ltr'><strong>saturae</strong></span> 
     </span>
     <span class='ocr_line' id='line_1_19' title="bbox 89 1485 1561 1537; baseline -0.001 -13"><span class='ocrx_word' id='word_1_160' title='bbox 89 1499 199 1537; x_wconf 88' lang='lat' dir='ltr'><strong>quam</strong></span> <span class='ocrx_word' id='word_1_161' title='bbox 233 1493 269 1524; x_wconf 86' lang='lat' dir='ltr'><strong>et</strong></span> <span class='ocrx_word' id='word_1_162' title='bbox 297 1488 380 1537; x_wconf 89' lang='lat' dir='ltr'><strong>ipse</strong></span> <span class='ocrx_word' id='word_1_163' title='bbox 412 1488 529 1525; x_wconf 87' lang='lat' dir='ltr'><strong>coluit</strong></span> <span class='ocrx_word' id='word_1_164' title='bbox 560 1494 596 1525; x_wconf 86' lang='lat' dir='ltr'><strong>et</strong></span> <span class='ocrx_word' id='word_1_165' title='bbox 626 1486 780 1524; x_wconf 86' lang='lat' dir='ltr'><strong>Persius</strong></span> <span class='ocrx_word' id='word_1_166' title='bbox 813 1498 858 1523; x_wconf 89' lang='lat' dir='ltr'><strong>ac</strong></span> <span class='ocrx_word' id='word_1_167' title='bbox 889 1485 1079 1524; x_wconf 81' lang='lat' dir='ltr'><strong>quenalis</strong></span> <span class='ocrx_word' id='word_1_168' title='bbox 1113 1487 1349 1524; x_wconf 86' lang='lat' dir='ltr'><strong>inuentorem</strong></span> <span class='ocrx_word' id='word_1_169' title='bbox 1380 1487 1561 1524; x_wconf 85' lang='lat' dir='ltr'><strong>Lucilium</strong></span> 
     </span>
     <span class='ocr_line' id='line_1_20' title="bbox 88 1555 1564 1607; baseline -0.001 -13"><span class='ocrx_word' id='word_1_170' title='bbox 88 1557 317 1607; x_wconf 63' lang='lat' dir='ltr'><strong>atlpellauit,</strong></span> <span class='ocrx_word' id='word_1_171' title='bbox 348 1559 454 1595; x_wconf 88' lang='lat' dir='ltr'><strong>cuius</strong></span> <span class='ocrx_word' id='word_1_172' title='bbox 488 1564 611 1596; x_wconf 87' lang='lat' dir='ltr'><strong>tamen</strong></span> <span class='ocrx_word' id='word_1_173' title='bbox 640 1557 788 1607; x_wconf 76' lang='lat' dir='ltr'><strong>poesim</strong></span> <span class='ocrx_word' id='word_1_174' title='bbox 818 1555 998 1593; x_wconf 88' lang='lat' dir='ltr'><strong>falluntur</strong></span> <span class='ocrx_word' id='word_1_175' title='bbox 1029 1558 1060 1593; x_wconf 88' lang='lat' dir='ltr'><strong>si</strong></span> <span class='ocrx_word' id='word_1_176' title='bbox 1092 1558 1154 1606; x_wconf 86' lang='lat' dir='ltr'><strong>qni</strong></span> <span class='ocrx_word' id='word_1_177' title='bbox 1186 1569 1332 1605; x_wconf 79' lang='lat' dir='ltr'><strong>genere</strong></span> <span class='ocrx_word' id='word_1_178' title='bbox 1360 1569 1404 1594; x_wconf 83' lang='lat' dir='ltr'><strong>ac</strong></span> <span class='ocrx_word' id='word_1_179' title='bbox 1434 1562 1564 1593; x_wconf 85' lang='lat' dir='ltr'><strong>natura</strong></span> 
     </span>
     <span class='ocr_line' id='line_1_21' title="bbox 88 1625 1563 1677; baseline -0.001 -13"><span class='ocrx_word' id='word_1_180' title='bbox 88 1627 134 1664; x_wconf 87' lang='lat' dir='ltr'><strong>ab</strong></span> <span class='ocrx_word' id='word_1_181' title='bbox 168 1626 276 1664; x_wconf 90' lang='lat' dir='ltr'><strong>Ennii</strong></span> <span class='ocrx_word' id='word_1_182' title='bbox 308 1633 435 1665; x_wconf 87' lang='lat' dir='ltr'><strong>satura</strong></span> <span class='ocrx_word' id='word_1_183' title='bbox 468 1627 609 1664; x_wconf 82' lang='lat' dir='ltr'><strong>distare</strong></span> <span class='ocrx_word' id='word_1_184' title='bbox 639 1625 888 1663; x_wconf 84' lang='lat' dir='ltr'><strong>arbitrentur:</strong></span> <span class='ocrx_word' id='word_1_185' title='bbox 917 1627 1027 1663; x_wconf 82' lang='lat' dir='ltr'><strong>imino</strong></span> <span class='ocrx_word' id='word_1_186' title='bbox 1059 1638 1190 1664; x_wconf 88' lang='lat' dir='ltr'><strong>omnes</strong></span> <span class='ocrx_word' id='word_1_187' title='bbox 1225 1628 1286 1677; x_wconf 84' lang='lat' dir='ltr'><strong>qni</strong></span> <span class='ocrx_word' id='word_1_188' title='bbox 1320 1628 1353 1663; x_wconf 93' lang='lat' dir='ltr'><strong>in</strong></span> <span class='ocrx_word' id='word_1_189' title='bbox 1392 1626 1449 1664; x_wconf 87' lang='lat' dir='ltr'><strong>his</strong></span> <span class='ocrx_word' id='word_1_190' title='bbox 1483 1639 1563 1663; x_wconf 91' lang='lat' dir='ltr'><strong>car-</strong></span> 
     </span>
     <span class='ocr_line' id='line_1_22' title="bbox 87 1695 1563 1747; baseline 0.001 -15"><span class='ocrx_word' id='word_1_191' title='bbox 87 1696 246 1733; x_wconf 89' lang='lat' dir='ltr'><strong>minibus</strong></span> <span class='ocrx_word' id='word_1_192' title='bbox 271 1696 515 1735; x_wconf 81' lang='lat' dir='ltr'><strong>elaborarunt</strong></span> <span class='ocrx_word' id='word_1_193' title='bbox 546 1701 686 1747; x_wconf 75' lang='lat' dir='ltr'><strong>poetae</strong></span> <span class='ocrx_word' id='word_1_194' title='bbox 721 1695 877 1733; x_wconf 86' lang='lat' dir='ltr'><strong>Romani</strong></span> <span class='ocrx_word' id='word_1_195' title='bbox 907 1696 953 1734; x_wconf 84' lang='lat' dir='ltr'><strong>ab</strong></span> <span class='ocrx_word' id='word_1_196' title='bbox 984 1696 1107 1734; x_wconf 90' lang='lat' dir='ltr'><strong>Ennio</strong></span> <span class='ocrx_word' id='word_1_197' title='bbox 1147 1698 1191 1734; x_wconf 85' lang='lat' dir='ltr'><strong>ad</strong></span> <span class='ocrx_word' id='word_1_198' title='bbox 1223 1697 1440 1734; x_wconf 88' lang='lat' dir='ltr'><strong>quenalem</strong></span> <span class='ocrx_word' id='word_1_199' title='bbox 1469 1702 1563 1747; x_wconf 76' lang='lat' dir='ltr'><strong>poe-</strong></span> 
     </span>
     <span class='ocr_line' id='line_1_23' title="bbox 87 1766 1563 1816; baseline 0.001 -14"><span class='ocrx_word' id='word_1_200' title='bbox 87 1766 155 1802; x_wconf 89' lang='lat' dir='ltr'><strong>sim</strong></span> <span class='ocrx_word' id='word_1_201' title='bbox 187 1778 252 1803; x_wconf 90' lang='lat' dir='ltr'><strong>sua</strong></span> <span class='ocrx_word' id='word_1_202' title='bbox 283 1773 413 1805; x_wconf 85' lang='lat' dir='ltr'><strong>natura</strong></span> <span class='ocrx_word' id='word_1_203' title='bbox 455 1780 563 1805; x_wconf 88' lang='lat' dir='ltr'><strong>unam</strong></span> <span class='ocrx_word' id='word_1_204' title='bbox 600 1767 754 1815; x_wconf 84' lang='lat' dir='ltr'><strong>ingenio</strong></span> <span class='ocrx_word' id='word_1_205' title='bbox 794 1772 917 1803; x_wconf 87' lang='lat' dir='ltr'><strong>antem</strong></span> <span class='ocrx_word' id='word_1_206' title='bbox 952 1772 1149 1816; x_wconf 76' lang='lat' dir='ltr'><strong>poetarum</strong></span> <span class='ocrx_word' id='word_1_207' title='bbox 1185 1768 1363 1805; x_wconf 79' lang='lat' dir='ltr'><strong>nai-iatam</strong></span> <span class='ocrx_word' id='word_1_208' title='bbox 1395 1778 1488 1816; x_wconf 85' lang='lat' dir='ltr'><strong>prae</strong></span> <span class='ocrx_word' id='word_1_209' title='bbox 1521 1779 1563 1804; x_wconf 87' lang='lat' dir='ltr'><strong>se</strong></span> 
     </span>
     <span class='ocr_line' id='line_1_24' title="bbox 88 1836 1561 1888; baseline -0.001 -15"><span class='ocrx_word' id='word_1_210' title='bbox 88 1837 224 1873; x_wconf 86' lang='lat' dir='ltr'><strong>ferunt.</strong></span> <span class='ocrx_word' id='word_1_211' title='bbox 287 1837 370 1884; x_wconf 82' lang='lat' dir='ltr'><strong>Qua</strong></span> <span class='ocrx_word' id='word_1_212' title='bbox 404 1850 444 1874; x_wconf 90' lang='lat' dir='ltr'><strong>re</strong></span> <span class='ocrx_word' id='word_1_213' title='bbox 474 1837 652 1874; x_wconf 88' lang='lat' dir='ltr'><strong>Horatius</strong></span> <span class='ocrx_word' id='word_1_214' title='bbox 692 1836 792 1885; x_wconf 78' lang='lat' dir='ltr'><strong>(Sat.</strong></span> <span class='ocrx_word' id='word_1_215' title='bbox 830 1836 843 1872; x_wconf 89' lang='lat'><em>1</em></span> <span class='ocrx_word' id='word_1_216' title='bbox 888 1837 955 1883; x_wconf 69' lang='grc'><strong>10,</strong></span> <span class='ocrx_word' id='word_1_217' title='bbox 996 1838 1070 1888; x_wconf 75' lang='grc'><strong>66)</strong></span> <span class='ocrx_word' id='word_1_218' title='bbox 1113 1851 1195 1875; x_wconf 87' lang='lat' dir='ltr'><strong>eum</strong></span> <span class='ocrx_word' id='word_1_219' title='bbox 1233 1836 1392 1875; x_wconf 82' lang='lat' dir='ltr'><strong>Graecis</strong></span> <span class='ocrx_word' id='word_1_220' title='bbox 1434 1836 1561 1873; x_wconf 83' lang='lat' dir='ltr'><strong>intacti</strong></span> 
     </span>
     <span class='ocr_line' id='line_1_25' title="bbox 87 1906 1562 1956; baseline -0.001 -11"><span class='ocrx_word' id='word_1_221' title='bbox 87 1909 262 1945; x_wconf 83' lang='lat' dir='ltr'><strong>carminis</strong></span> <span class='ocrx_word' id='word_1_222' title='bbox 301 1914 497 1946; x_wconf 88' lang='lat' dir='ltr'><strong>auctorem</strong></span> <span class='ocrx_word' id='word_1_223' title='bbox 539 1907 666 1946; x_wconf 79' lang='lat' dir='ltr'><strong>landet.</strong></span> <span class='ocrx_word' id='word_1_224' title='bbox 712 1906 869 1944; x_wconf 89' lang='lat' dir='ltr'><strong>Ennium</strong></span> <span class='ocrx_word' id='word_1_225' title='bbox 914 1907 1094 1955; x_wconf 89' lang='lat' dir='ltr'><strong>(Ennium</strong></span> <span class='ocrx_word' id='word_1_226' title='bbox 1125 1909 1222 1945; x_wconf 86' lang='lat' dir='ltr'><strong>enim</strong></span> <span class='ocrx_word' id='word_1_227' title='bbox 1256 1907 1304 1944; x_wconf 90' lang='lat' dir='ltr'><strong>ibi</strong></span> <span class='ocrx_word' id='word_1_228' title='bbox 1336 1918 1426 1953; x_wconf 67' lang='lat' dir='ltr'><strong>nee,</strong></span> <span class='ocrx_word' id='word_1_229' title='bbox 1461 1906 1562 1956; x_wconf 92' lang='lat' dir='ltr'><strong>quod</strong></span> 
     </span>
     <span class='ocr_line' id='line_1_26' title="bbox 89 1976 1560 2027; baseline -0.001 -12"><span class='ocrx_word' id='word_1_230' title='bbox 89 1984 174 2027; x_wconf 84' lang='lat' dir='ltr'><strong>post</strong></span> <span class='ocrx_word' id='word_1_231' title='bbox 213 1978 308 2015; x_wconf 87' lang='lat' dir='ltr'><strong>alios</strong></span> <span class='ocrx_word' id='word_1_232' title='bbox 341 1976 384 2015; x_wconf 87' lang='lat' dir='ltr'><strong>C.</strong></span> <span class='ocrx_word' id='word_1_233' title='bbox 420 1977 461 2014; x_wconf 93' lang='lat' dir='ltr'><strong>F.</strong></span> <span class='ocrx_word' id='word_1_234' title='bbox 494 1978 729 2015; x_wconf 87' lang='lat' dir='ltr'><strong>Hermannus</strong></span> <span class='ocrx_word' id='word_1_235' title='bbox 763 1988 893 2027; x_wconf 79' lang='lat' dir='ltr'><strong>progr.</strong></span> <span class='ocrx_word' id='word_1_236' title='bbox 933 1977 1040 2015; x_wconf 89' lang='lat' dir='ltr'><strong>acad.</strong></span> <span class='ocrx_word' id='word_1_237' title='bbox 1074 1976 1194 2014; x_wconf 86' lang='lat' dir='ltr'><strong>Marb.</strong></span> <span class='ocrx_word' id='word_1_238' title='bbox 1235 1976 1333 2015; x_wconf 72' lang='lat'>1841</span> <span class='ocrx_word' id='word_1_239' title='bbox 1370 1976 1560 2024; x_wconf 79' lang='lat' dir='ltr'><strong>narrabat,</strong></span> 
     </span>
     <span class='ocr_line' id='line_1_27' title="bbox 86 2047 1560 2098; baseline -0.001 -14"><span class='ocrx_word' id='word_1_240' title='bbox 86 2047 268 2085; x_wconf 90' lang='lat' dir='ltr'><strong>Lucilium</strong></span> <span class='ocrx_word' id='word_1_241' title='bbox 300 2049 373 2086; x_wconf 80' lang='lat' dir='ltr'><strong>(lici</strong></span> <span class='ocrx_word' id='word_1_242' title='bbox 414 2049 572 2098; x_wconf 88' lang='lat' dir='ltr'><strong>propius</strong></span> <span class='ocrx_word' id='word_1_243' title='bbox 613 2048 730 2087; x_wconf 90' lang='lat' dir='ltr'><strong>uerba</strong></span> <span class='ocrx_word' id='word_1_244' title='bbox 768 2053 908 2098; x_wconf 73' lang='lat' dir='ltr'><strong>poetae</strong></span> <span class='ocrx_word' id='word_1_245' title='bbox 943 2049 1096 2085; x_wconf 91' lang='lat' dir='ltr'><strong>intuitus</strong></span> <span class='ocrx_word' id='word_1_246' title='bbox 1139 2048 1349 2098; x_wconf 81' lang='lat' dir='ltr'><strong>concedet)</strong></span> <span class='ocrx_word' id='word_1_247' title='bbox 1396 2059 1469 2084; x_wconf 90' lang='lat' dir='ltr'><strong>nec</strong></span> <span class='ocrx_word' id='word_1_248' title='bbox 1500 2060 1560 2084; x_wconf 88' lang='lat' dir='ltr'><strong>se-</strong></span> 
     </span>
     <span class='ocr_line' id='line_1_28' title="bbox 89 2117 1560 2169; baseline 0.001 -15"><span class='ocrx_word' id='word_1_249' title='bbox 89 2127 172 2155; x_wconf 87' lang='lat' dir='ltr'><strong>eum</strong></span> <span class='ocrx_word' id='word_1_250' title='bbox 211 2119 293 2168; x_wconf 84' lang='lat' dir='ltr'><strong>ipse</strong></span> <span class='ocrx_word' id='word_1_251' title='bbox 335 2124 496 2169; x_wconf 60' lang='lat' dir='ltr'><strong>pugnat„</strong></span> <span class='ocrx_word' id='word_1_252' title='bbox 537 2120 600 2169; x_wconf 86' lang='lat' dir='ltr'><strong>qui</strong></span> <span class='ocrx_word' id='word_1_253' title='bbox 640 2118 810 2156; x_wconf 88' lang='lat' dir='ltr'><strong>eiusdem</strong></span> <span class='ocrx_word' id='word_1_254' title='bbox 846 2124 997 2156; x_wconf 84' lang='lat' dir='ltr'><strong>saturae</strong></span> <span class='ocrx_word' id='word_1_255' title='bbox 1026 2119 1263 2156; x_wconf 89' lang='lat' dir='ltr'><strong>inuentorem</strong></span> <span class='ocrx_word' id='word_1_256' title='bbox 1294 2117 1476 2156; x_wconf 86' lang='lat' dir='ltr'><strong>Lucilium</strong></span> <span class='ocrx_word' id='word_1_257' title='bbox 1508 2118 1560 2155; x_wconf 90' lang='lat' dir='ltr'><strong>di-</strong></span> 
     </span>
     <span class='ocr_line' id='line_1_29' title="bbox 86 2188 862 2235; baseline 0.001 -12"><span class='ocrx_word' id='word_1_258' title='bbox 86 2188 204 2235; x_wconf 67' lang='lat' dir='ltr'><strong>xerit,</strong></span> <span class='ocrx_word' id='word_1_259' title='bbox 242 2200 313 2226; x_wconf 85' lang='lat' dir='ltr'><strong>nec</strong></span> <span class='ocrx_word' id='word_1_260' title='bbox 344 2202 363 2225; x_wconf 87' lang='lat' dir='ltr'><strong>a</strong></span> <span class='ocrx_word' id='word_1_261' title='bbox 395 2191 450 2226; x_wconf 87' lang='lat' dir='ltr'><strong>rei</strong></span> <span class='ocrx_word' id='word_1_262' title='bbox 482 2190 641 2227; x_wconf 88' lang='lat' dir='ltr'><strong>ueritate</strong></span> <span class='ocrx_word' id='word_1_263' title='bbox 668 2189 862 2227; x_wconf 85' lang='lat' dir='ltr'><strong>abhorret.</strong></span> 
     </span>
    </p>

    <p class='ocr_par' dir='ltr' id='par_1_3' title="bbox 79 2257 1561 2797">
     <span class='ocr_line' id='line_1_30' title="bbox 200 2257 1561 2308; baseline 0.001 -14"><span class='ocrx_word' id='word_1_264' title='bbox 200 2257 279 2295; x_wconf 84' lang='lat' dir='ltr'><strong>Nisi</strong></span> <span class='ocrx_word' id='word_1_265' title='bbox 309 2259 392 2308; x_wconf 88' lang='lat' dir='ltr'><strong>quis</strong></span> <span class='ocrx_word' id='word_1_266' title='bbox 425 2258 510 2295; x_wconf 90' lang='lat' dir='ltr'><strong>ideo</strong></span> <span class='ocrx_word' id='word_1_267' title='bbox 534 2259 752 2296; x_wconf 79' lang='lat' dir='ltr'><strong>translatam</strong></span> <span class='ocrx_word' id='word_1_268' title='bbox 774 2271 794 2296; x_wconf 86' lang='lat' dir='ltr'><strong>a</strong></span> <span class='ocrx_word' id='word_1_269' title='bbox 817 2258 976 2296; x_wconf 87' lang='lat' dir='ltr'><strong>Graecis</strong></span> <span class='ocrx_word' id='word_1_270' title='bbox 1003 2264 1169 2295; x_wconf 84' lang='lat' dir='ltr'><strong>saturam</strong></span> <span class='ocrx_word' id='word_1_271' title='bbox 1194 2258 1433 2306; x_wconf 70' lang='lat' dir='ltr'><strong>existimarit,</strong></span> <span class='ocrx_word' id='word_1_272' title='bbox 1459 2259 1561 2308; x_wconf 90' lang='lat' dir='ltr'><strong>qnod</strong></span> 
     </span>
     <span class='ocr_line' id='line_1_31' title="bbox 87 2327 1559 2378; baseline 0.001 -14"><span class='ocrx_word' id='word_1_273' title='bbox 87 2334 148 2365; x_wconf 84' lang='lat' dir='ltr'><strong>ant</strong></span> <span class='ocrx_word' id='word_1_274' title='bbox 178 2327 343 2364; x_wconf 88' lang='lat' dir='ltr'><strong>Lucilius</strong></span> <span class='ocrx_word' id='word_1_275' title='bbox 382 2328 590 2365; x_wconf 85' lang='lat' dir='ltr'><strong>seueritate</strong></span> <span class='ocrx_word' id='word_1_276' title='bbox 624 2329 878 2366; x_wconf 81' lang='lat' dir='ltr'><strong>cauillationis</strong></span> <span class='ocrx_word' id='word_1_277' title='bbox 916 2330 1104 2378; x_wconf 87' lang='lat' dir='ltr'><strong>antiquam</strong></span> <span class='ocrx_word' id='word_1_278' title='bbox 1134 2327 1366 2365; x_wconf 85' lang='lat' dir='ltr'><strong>Graecorum</strong></span> <span class='ocrx_word' id='word_1_279' title='bbox 1406 2339 1559 2365; x_wconf 88' lang='lat' dir='ltr'><strong>comoe-</strong></span> 
     </span>
     <span class='ocr_line' id='line_1_32' title="bbox 87 2396 1558 2447; baseline 0.001 -13"><span class='ocrx_word' id='word_1_280' title='bbox 87 2399 183 2435; x_wconf 80' lang='lat' dir='ltr'><strong>diam</strong></span> <span class='ocrx_word' id='word_1_281' title='bbox 215 2396 446 2435; x_wconf 85' lang='lat' dir='ltr'><strong>aemulatur:</strong></span> <span class='ocrx_word' id='word_1_282' title='bbox 481 2402 541 2433; x_wconf 88' lang='lat' dir='ltr'><strong>aut</strong></span> <span class='ocrx_word' id='word_1_283' title='bbox 564 2396 706 2435; x_wconf 90' lang='lat' dir='ltr'><strong>Ennius</strong></span> <span class='ocrx_word' id='word_1_284' title='bbox 739 2410 759 2435; x_wconf 88' lang='lat' dir='ltr'><strong>e</strong></span> <span class='ocrx_word' id='word_1_285' title='bbox 779 2398 1013 2436; x_wconf 87' lang='lat' dir='ltr'><strong>Graecorum</strong></span> <span class='ocrx_word' id='word_1_286' title='bbox 1046 2397 1184 2434; x_wconf 84' lang='lat' dir='ltr'><strong>fabulis</strong></span> <span class='ocrx_word' id='word_1_287' title='bbox 1215 2397 1246 2433; x_wconf 86' lang='lat' dir='ltr'><strong>si</strong></span> <span class='ocrx_word' id='word_1_288' title='bbox 1278 2398 1366 2447; x_wconf 84' lang='lat' dir='ltr'><strong>quid</strong></span> <span class='ocrx_word' id='word_1_289' title='bbox 1393 2409 1558 2435; x_wconf 91' lang='lat' dir='ltr'><strong>commo-</strong></span> 
     </span>
     <span class='ocr_line' id='line_1_33' title="bbox 87 2466 1560 2516; baseline 0.001 -13"><span class='ocrx_word' id='word_1_290' title='bbox 87 2467 172 2505; x_wconf 87' lang='lat' dir='ltr'><strong>dum</strong></span> <span class='ocrx_word' id='word_1_291' title='bbox 211 2467 406 2505; x_wconf 89' lang='lat' dir='ltr'><strong>uideretur</strong></span> <span class='ocrx_word' id='word_1_292' title='bbox 447 2478 552 2503; x_wconf 90' lang='lat' dir='ltr'><strong>sunm</strong></span> <span class='ocrx_word' id='word_1_293' title='bbox 578 2466 611 2502; x_wconf 93' lang='lat' dir='ltr'><strong>in</strong></span> <span class='ocrx_word' id='word_1_294' title='bbox 642 2479 748 2504; x_wconf 86' lang='lat' dir='ltr'><strong>usum</strong></span> <span class='ocrx_word' id='word_1_295' title='bbox 780 2469 987 2504; x_wconf 86' lang='lat' dir='ltr'><strong>conuertit:</strong></span> <span class='ocrx_word' id='word_1_296' title='bbox 1027 2467 1131 2504; x_wconf 88' lang='lat' dir='ltr'><strong>uelut</strong></span> <span class='ocrx_word' id='word_1_297' title='bbox 1163 2467 1310 2516; x_wconf 87' lang='lat' dir='ltr'><strong>Aesopi</strong></span> <span class='ocrx_word' id='word_1_298' title='bbox 1341 2467 1388 2504; x_wconf 89' lang='lat' dir='ltr'><strong>de</strong></span> <span class='ocrx_word' id='word_1_299' title='bbox 1421 2469 1560 2506; x_wconf 86' lang='lat' dir='ltr'><strong>cassita</strong></span> 
     </span>
     <span class='ocr_line' id='line_1_34' title="bbox 87 2535 1558 2586; baseline 0.001 -12"><span class='ocrx_word' id='word_1_300' title='bbox 87 2537 253 2574; x_wconf 83' lang='lat' dir='ltr'><strong>fabulam</strong></span> <span class='ocrx_word' id='word_1_301' title='bbox 274 2536 414 2574; x_wconf 85' lang='lat' dir='ltr'><strong>Latinis</strong></span> <span class='ocrx_word' id='word_1_302' title='bbox 438 2535 613 2573; x_wconf 89' lang='lat' dir='ltr'><strong>uersibus</strong></span> <span class='ocrx_word' id='word_1_303' title='bbox 641 2537 834 2586; x_wconf 87' lang='lat' dir='ltr'><strong>expressit</strong></span> <span class='ocrx_word' id='word_1_304' title='bbox 866 2535 961 2583; x_wconf 85' lang='lat' dir='ltr'><strong>(ine.</strong></span> <span class='ocrx_word' id='word_1_305' title='bbox 993 2542 1064 2573; x_wconf 87' lang='lat' dir='ltr'><strong>sat.</strong></span> <span class='ocrx_word' id='word_1_306' title='bbox 1091 2535 1186 2585; x_wconf 89' lang='lat' dir='ltr'>IV):</span> <span class='ocrx_word' id='word_1_307' title='bbox 1221 2542 1334 2585; x_wconf 89' lang='lat' dir='ltr'><strong>atque</strong></span> <span class='ocrx_word' id='word_1_308' title='bbox 1362 2548 1445 2574; x_wconf 89' lang='lat' dir='ltr'><strong>eam</strong></span> <span class='ocrx_word' id='word_1_309' title='bbox 1476 2549 1558 2575; x_wconf 91' lang='lat' dir='ltr'><strong>nar-</strong></span> 
     </span>
     <span class='ocr_line' id='line_1_35' title="bbox 87 2605 1561 2656; baseline 0.001 -12"><span class='ocrx_word' id='word_1_310' title='bbox 87 2607 333 2645; x_wconf 84' lang='lat' dir='ltr'><strong>ratiunculam</strong></span> <span class='ocrx_word' id='word_1_311' title='bbox 377 2607 424 2644; x_wconf 89' lang='lat' dir='ltr'><strong>de</strong></span> <span class='ocrx_word' id='word_1_312' title='bbox 461 2618 532 2656; x_wconf 89' lang='lat' dir='ltr'><strong>qua</strong></span> <span class='ocrx_word' id='word_1_313' title='bbox 573 2607 633 2644; x_wconf 84' lang='lat' dir='ltr'><strong>hie</strong></span> <span class='ocrx_word' id='word_1_314' title='bbox 671 2618 807 2643; x_wconf 89' lang='lat' dir='ltr'><strong>uersus</strong></span> <span class='ocrx_word' id='word_1_315' title='bbox 839 2605 984 2643; x_wconf 87' lang='lat' dir='ltr'><strong>residet</strong></span> <span class='ocrx_word' id='word_1_316' title='bbox 1021 2609 1144 2643; x_wconf 82' lang='lat' dir='ltr'><strong>sabulo</strong></span> <span class='ocrx_word' id='word_1_317' title='bbox 1184 2609 1365 2655; x_wconf 78' lang='lat' dir='ltr'><strong>quondam</strong></span> <span class='ocrx_word' id='word_1_318' title='bbox 1396 2612 1561 2645; x_wconf 75' lang='lat' dir='ltr'><strong>marinas</strong></span> 
     </span>
     <span class='ocr_line' id='line_1_36' title="bbox 79 2674 1559 2727; baseline 0.001 -14"><span class='ocrx_word' id='word_1_319' title='bbox 79 2685 238 2725; x_wconf 77' lang='lat' dir='ltr'><strong>propter</strong></span> <span class='ocrx_word' id='word_1_320' title='bbox 274 2679 442 2713; x_wconf 75' lang='lat' dir='ltr'><strong>adstabat</strong></span> <span class='ocrx_word' id='word_1_321' title='bbox 469 2679 603 2725; x_wconf 63' lang='lat' dir='ltr'><strong>playas</strong></span> <span class='ocrx_word' id='word_1_322' title='bbox 643 2676 737 2723; x_wconf 87' lang='lat' dir='ltr'><strong>(inc.</strong></span> <span class='ocrx_word' id='word_1_323' title='bbox 777 2682 846 2713; x_wconf 85' lang='lat' dir='ltr'><strong>sat.</strong></span> <span class='ocrx_word' id='word_1_324' title='bbox 876 2675 949 2726; x_wconf 82' lang='lat' dir='ltr'><strong>VI)</strong></span> <span class='ocrx_word' id='word_1_325' title='bbox 981 2675 1026 2713; x_wconf 86' lang='lat' dir='ltr'><strong>ab</strong></span> <span class='ocrx_word' id='word_1_326' title='bbox 1049 2674 1248 2713; x_wconf 77' lang='lat' dir='ltr'><strong>Herodoto</strong></span> <span class='ocrx_word' id='word_1_327' title='bbox 1276 2675 1515 2727; x_wconf 83' lang='lat' dir='ltr'><strong>deprompsit</strong></span> <span class='ocrx_word' id='word_1_328' title='bbox 1544 2677 1559 2715; x_wconf 89' lang='lat' dir='ltr'>I</span> 
     </span>
     <span class='ocr_line' id='line_1_37' title="bbox 92 2739 1558 2797; baseline 0.001 -15"><span class='ocrx_word' id='word_1_329' title='bbox 92 2746 187 2783; x_wconf 77' lang='lat'>141:</span> <span class='ocrx_word' id='word_1_330' title='bbox 215 2740 346 2792; x_wconf 80' lang='grc' dir='ltr'><em>Ἴωνες</em></span> <span class='ocrx_word' id='word_1_331' title='bbox 385 2743 426 2784; x_wconf 79' lang='grc' dir='ltr'><strong>δὲ</strong></span> <span class='ocrx_word' id='word_1_332' title='bbox 465 2744 531 2784; x_wconf 77' lang='grc' dir='ltr'><strong>καὶ</strong></span> <span class='ocrx_word' id='word_1_333' title='bbox 562 2744 738 2793; x_wconf 80' lang='grc' dir='ltr'><em>Αἰολέες,</em></span> <span class='ocrx_word' id='word_1_334' title='bbox 778 2740 828 2792; x_wconf 83' lang='grc' dir='ltr'><strong>ὡς</strong></span> <span class='ocrx_word' id='word_1_335' title='bbox 855 2745 895 2784; x_wconf 83' lang='grc' dir='ltr'><strong>οἱ</strong></span> <span class='ocrx_word' id='word_1_336' title='bbox 919 2743 1048 2786; x_wconf 75' lang='grc' dir='ltr'><em>Λυδοὶ</em></span> <span class='ocrx_word' id='word_1_337' title='bbox 1079 2739 1237 2795; x_wconf 70' lang='grc' dir='ltr'><em>τάχιστα</em></span> <span class='ocrx_word' id='word_1_338' title='bbox 1269 2740 1558 2797; x_wconf 74' lang='grc' dir='ltr'><em>κατεστράφατο</em></span> 
     </span>
    </p>
   </div>
   <div class='ocr_carea' id='block_1_3' title="bbox 1235 2808 1281 2847">
    <p class='ocr_par' dir='ltr' id='par_1_4' title="bbox 1235 2808 1281 2847">
     <span class='ocr_line' id='line_1_38' title="bbox 1235 2808 1281 2847; baseline 0 -18"><span class='ocrx_word' id='word_1_339' title='bbox 1235 2808 1281 2847; x_wconf 61' lang='lat' dir='ltr'><strong>f*</strong></span> 
     </span>
    </p>
   </div>
  </div>
 </body>
</html>
