1762 3057
617 170 917 205 ΕΝΝΙΑΝΑΕ
1424 178 1506 206 XXI

33 279 218 330 quaedam
257 278 351 316 falsa
395 279 442 317 de
480 280 559 317 suis
608 279 854 318 admisceant.
925 279 997 327 Qui
1037 291 1120 318 cum
1161 280 1254 318 illud
1290 282 1503 330 nouissent‚

29 350 185 388 Homeri
222 350 380 387 animam
415 351 450 387 in
481 350 591 388 Ennii
631 362 772 401 corpus
808 350 1025 388 translatam
1057 351 1225 398 narrari,
1268 363 1351 389 eam
1383 357 1503 390 trans-

31 420 224 468 lationem,
258 431 332 457 non
363 422 548 471 inspectis
577 427 615 459 nt
648 421 798 459 uidetur
829 421 1041 469 annalibus,
1068 420 1188 459 Persii
1212 433 1363 459 uersum
1400 423 1500 472 (Sat.

30 491 75 539 6,
119 491 167 529 lo
207 492 296 541 sq.)
329 506 393 530 cor
420 496 513 530 iubet
539 495 607 530 hoc
634 495 749 538 Enni,
786 499 981 541 postquam
1017 495 1204 530 desierunt
1226 505 1304 530 esse
1336 495 1496 533 Maeoni-

27 565 110 608 des,
152 565 349 608 Quintus
372 576 522 611 panone
549 576 598 600 esc
626 564 858 611 Pyllmqoreo
894 564 1098 611 perperam
1130 563 1367 613 interpretati
1398 565 1502 602 miris

27 633 149 671 modis
186 632 462 670 disturbarnnt:
504 644 663 682 quornm
704 643 859 669 errores
895 632 1123 669 exaniinauit
1154 631 1357 682 Ilbergius.
1417 634 1501 673 Nec

27 714 120 740 uero
172 703 294 741 Ennio
354 702 428 740 hoc
488 714 599 739 unum
655 714 859 752 emergens
915 715 964 740 ex
1005 702 1136 740 inferis
1184 702 1340 741 Homeri
1385 706 1498 743 simu-

26 773 169 812 lacrum
201 773 369 823 aperuit:
414 773 476 822 qui
509 773 738 821 exordiens,
779 773 881 824 quod
913 771 1052 810 Cicero
1084 772 1227 822 (Acad.
1258 773 1291 811 ΙΙ
1326 773 1392 823 27,
1423 775 1496 827 38)

23 856 97 882 non
143 844 241 882 adeo
289 843 455 881 obscure
506 843 706 892 indicauit7
758 844 804 882 ab
847 844 905 882 his
952 843 1101 881 uerbis:
1152 859 1171 880 υ
1209 848 1332 891 pietas
1376 849 1498 891 (ιηιῗηιιῖ,

23 921 193 953 naturam
233 927 358 953 rerum
390 914 501 952 dictis
533 920 571 952 ut
608 917 658 953 ait
688 915 887 953 Lucretius
928 913 965 963 (Ι
1000 912 1098 963 126)
1118 913 1311 963 expandit.
1363 914 1497 952 Parum

23 986 120 1023 enim
154 984 356 1036 probabile
395 991 453 1023 est
488 985 587 1023 alind
634 991 790 1036 praeter
826 985 983 1023 annales
1024 996 1177 1022 carmen
1218 984 1292 1021 illis
1326 996 1422 1034 qnos
1461 986 1496 1022 in

21 1055 124 1105 ipsas
156 1055 342 1093 annalium
377 1056 558 1106 reliquias
590 1057 723 1107 recepi
758 1056 923 1094 Lucretii
955 1055 1130 1093 uersibus
1169 1055 1399 1104 significari:
1432 1058 1495 1106 qui

19 1131 153 1175 aperte
190 1125 247 1163 his
288 1125 439 1176 quiden}
477 1138 574 1176 quae
607 1127 718 1165 dicit:
761 1131 987 1176 qniprimzcs
1011 1139 1160 1163 (ιιηοθηο
1181 1128 1315 1163 Detulit
1341 1139 1389 1164 cx
1418 1130 1494 1165 He-

19 1201 133 1235 licone
164 1201 326 1246 perenni
352 1199 491 1244 fronde
528 1210 721 1243 coronam,
762 1201 838 1235 Per
874 1201 989 1246 yemis
1019 1198 1137 1233 Italas
1177 1198 1359 1233 lzomimmi
1402 1211 1495 1247 quae

19 1271 125 1305 clara
155 1271 292 1305 clueret
317 1273 355 1305 et
387 1267 430 1305 ad
464 1268 621 1305 annales
654 1266 792 1304 adlusit
824 1274 859 1305 et
891 1267 990 1305 hunc
1019 1267 1265 1317 superstitem
1303 1279 1350 1304 ex
1380 1280 1493 1306 anna-

20 1338 116 1376 libus
148 1350 301 1376 uersum
334 1339 549 1389 expressit:
585 1342 675 1376 Iulos
698 1350 772 1386 ριν*
794 1342 952 1387 populos
970 1343 1345 1385 [errasqzct‘pnissmalcc
1368 1348 1493 1377 nnslra

17 1412 129 1447 Clara
146 1412 312 1447 cluebmet
327 1407 436 1459 (lv).
468 1407 518 1445 Vt
534 1407 751 1445 Lucretium
776 1408 806 1444 si
828 1409 1005 1458 sequeris
1024 1408 1070 1445 ad
1085 1407 1241 1445 annales
1257 1409 1405 1447 referas
1422 1410 1492 1447 hos

17 1485 124 1517 certe
140 1492 274 1517 uersus
297 1492 316 1517 a
335 1479 511 1516 Varrone
533 1478 601 1528 (de
619 1477 657 1515 L.
679 1477 715 1515 L.
735 1478 767 1515 V
784 1478 835 1515 59
851 1478 922 1529 M.)
947 1485 1200 1517 conseruatos
1222 1478 1490 1518 hexametros:

15 1564 85 1587 oua
103 1553 234 1598 parire
257 1553 344 1587 solet
360 1562 475 1598 glenus
495 1553 628 1597 pennis
645 1553 924 1587 comIecoralum
947 1553 1028 1587 Nan
1051 1554 1230 1587 (mimam.-
1261 1558 1294 1587 el
1309 1557 1392 1598 post
1411 1554 1492 1589 inde

16 1624 111 1657 uenit
126 1623 297 1657 diuinitus
311 1624 422 1668 pullis
440 1622 531 1668 Ipsa
551 1623 674 1656 αηῖηια
692 1618 806 1669 (XII)
823 1634 829 1656 :
858 1632 877 1657 a
895 1620 1030 1670 quibus
1050 1620 1132 1658 fere
1147 1631 1221 1657 non
1238 1621 1376 1659 distant
1393 1621 1490 1659 haec

13 1690 237 1728 Lucretiana
251 1690 269 1739 (
280 1691 291 1727 l
308 1691 374 1740 16)
387 1704 434 1728 an
448 1693 609 1738 pecudes
623 1693 716 1727 alias
732 1693 902 1729 diuinitus
916 1695 1072 1729 insinuet
1085 1704 1124 1727 se
1133 1695 1273 1737 (anima
1283 1698 1303 1731 ).
1329 1690 1386 1728 Ac
1397 1692 1489 1729 satis

13 1762 282 1812 intempestiue
315 1759 500 1799 Columna
529 1760 679 1798 uidetur
708 1760 796 1798 mihi
829 1762 982 1811 quidem
1012 1761 1070 1799 his
1094 1760 1331 1798 Lucretianis
1362 1759 1486 1810 (120)

12 1837 80 1871 etsi
99 1839 300 1882 praeterea
333 1839 452 1871 tamen
485 1844 562 1870 esse
586 1834 788 1869 Acherusia
814 1836 947 1881 lenzpla
977 1834 1121 1869 Ennius
1155 1835 1313 1869 aeternis
1340 1836 1490 1879 capam]

12 1906 176 1941 uersibus
197 1907 307 1942 edens
331 1904 541 1943 contulisse
559 1902 755 1940 Ennianae
776 1902 1071 1941 Andromachae
1103 1901 1220 1939 uerba
1248 1901 1343 1951 (vl)
1368 1904 1481 1938 Ache·

10 1980 138 2013 rzmsia
159 1980 290 2024 templa
311 1979 386 2013 alta
410 1977 505 2014 Orci.
539 1980 681 2018 sancta,
711 1977 848 2011 saluz’lc
869 1976 993 2022 infera
1008 2004 1016 2020 ,
1042 1975 1189 2010 Pallida
1213 1975 1289 2017 leti,
1319 1974 1486 2009 obnzcbila

9 2048 167 2083 tenebris
211 2050 321 2093 atris,
376 2050 534 2084 aeternis
579 2048 668 2082 loca.
739 2043 837 2090 Quid
892 2045 989 2081 enim
1042 2043 1264 2094 inpediebat
1314 2047 1482 2093 poetam,

10 2126 85 2165 quo
116 2117 236 2154 minus
269 2117 304 2154 in
334 2116 521 2155 annalium
561 2125 715 2165 quoque
748 2114 932 2163 exord1·0‚
972 2115 1033 2152 ubi
1070 2116 1106 2152 ni
1137 2115 1269 2151 mirum
1300 2126 1349 2151 ex
1382 2113 1484 2151 Orco

9 2186 213 2225 Homerum
251 2189 358 2237 fingit
397 2186 637 2232 escendere,
688 2183 923 2222 Acherontis
963 2186 1134 2235 speciem
1174 2184 1350 2222 uersibus
1389 2185 1483 2222 deli-

10 2255 170 2294 nearet?
215 2257 344 2305 Quare
385 2257 486 2307 quod
517 2242 721 2294 Homerum
759 2261 930 2293 naturam
966 2267 1090 2292 rerum
1129 2255 1362 2305 expandisse
1393 2255 1483 2293 dicit

7 2327 226 2375 Lucretius,
259 2327 293 2365 id
325 2327 373 2365 de
403 2326 601 2365 annalibus
625 2326 734 2363 dicit:
768 2338 851 2363 cnm
881 2326 1106 2376 praesertim
1135 2327 1169 2363 in
1202 2332 1377 2377 promptu
1410 2327 1483 2363 sint

10 2409 144 2435 uersus
173 2397 346 2447 quidam,
379 2409 454 2435 non
482 2397 534 2434 illi
554 2396 705 2447 quidem
738 2397 924 2434 annalium
950 2403 1037 2434 nota
1069 2397 1258 2446 insigniti,
1289 2396 1355 2433 sed
1383 2407 1481 2446 quos

9 2480 91 2506 cum
126 2474 163 2505 et
194 2468 405 2506 hexametri
438 2468 510 2504 sint
537 2472 574 2504 et
606 2466 858 2517 philosophas
887 2469 1104 2505 contineant
1136 2468 1368 2514 sententias,
1407 2477 1480 2503 non

7 2540 130 2589 aptius
163 2540 292 2588 possis
325 2550 435 2589 quam
463 2538 499 2574 in
522 2537 593 2575 hac
626 2542 735 2587 parte
767 2537 981 2587 prohoemii
1005 2537 1226 2574 conlocare.
1277 2536 1334 2574 Cf.
1360 2535 1478 2573 Krah-

7 2621 121 2647 nerus
150 2609 196 2646 (le
229 2611 355 2647 causis
390 2621 491 2647 corr.
518 2608 636 2657 relig.
661 2606 770 2645 Rom.
804 2619 840 2657 p.
861 2607 913 2645 43
946 2613 983 2645 et
1009 2607 1197 2657 Bergkins
1224 2607 1272 2644 de
1303 2617 1477 2656 prooem.

6 2678 166 2729 Emped.
213 2691 248 2729 p.
290 2680 355 2719 31.
420 2678 556 2729 Neque
606 2681 641 2717 in
683 2691 730 2716 eo
774 2679 1007 2717 haerendum
1058 2678 1159 2728 quod
1205 2689 1337 2727 parum
1387 2688 1476 2713 con-

7 2751 116 2789 cinne
152 2751 187 2788 in
219 2751 385 2788 carmine
426 2751 538 2800 epico
579 2748 822 2800 philosophis
856 2749 1039 2787 doctrinis
1071 2748 1197 2786 locum
1229 2748 1476 2786 concessisse
