1762 3057
705 171 1027 216 RELIQVIAE
1522 169 1602 210 183

127 300 206 344 per
222 300 296 339 ae,
326 285 441 344 quod
470 299 710 330 maerorem
739 284 924 329 nutria.t.’
965 284 1084 329 Haec
1109 286 1285 330 suerunt
1304 285 1375 346 qui
1397 285 1451 330 ad
1477 285 1602 329 eius-

127 354 224 397 dem
264 353 449 397 nominis
495 353 827 413 grammaticum
874 354 1182 411 posteriorem,
1242 354 1366 398 cuius
1409 354 1603 398 notitiam

127 436 240 465 unus
271 421 508 466 Suetonius
546 422 599 466 de
638 437 819 481 gramm.
850 436 885 466 e.
920 428 937 465 1
970 422 1165 477 tradidit,
1205 424 1368 467 referre
1394 436 1482 466 non
1515 422 1603 466 du-

127 490 309 535 bitarent

802 557 921 602 LVII

263 633 414 679 Cicero
440 635 568 679 Tusc.
597 635 706 693 disp.
735 635 797 679 IV
830 641 896 690 23,
925 642 977 680 52
1017 639 1094 679 ‘an
1121 637 1187 678 est
1218 634 1447 694 quicquam
1478 633 1603 678 simi-

125 703 209 746 lius
246 703 439 747 insaniae
467 718 595 763 quam
626 704 708 757 ira,
757 718 884 763 quam
920 705 1028 748 bene
1060 703 1226 747 Ennius
1255 702 1470 746 initium
1495 701 1602 746 dixit

124 771 422 815 insaniae?’

795 839 932 884 LVIII

262 914 413 960 Cicero
443 915 495 959 de
522 915 606 959 diu.
636 915 669 959 ΙΙ
696 922 761 970 54,
801 923 872 960 111
917 920 1025 961 ‘non
1060 931 1159 960 esse
1187 920 1330 960 autem
1363 914 1467 968 illud
1501 928 1602 958 ear—

125 999 222 1027 men
254 984 435 1027 furentis
473 998 567 1027 cum
612 983 753 1041 ipsum
789 987 945 1043 poema
981 985 1171 1029 declarat
1202 986 1288 1042 (est
1317 983 1429 1027 enim
1459 983 1601 1041 magis

124 1052 229 1096 artis
268 1054 310 1095 et
346 1052 596 1110 diligentiae
634 1068 762 1111 quam
796 1052 1055 1097 incitationis
1091 1057 1132 1096 et
1163 1054 1323 1107 motus)
1367 1054 1454 1095 tum
1495 1065 1600 1094 uero

124 1135 195 1174 ea,
236 1135 347 1179 quae
379 1114 640 1179 ἇκροστιχίς
660 1121 834 1176 dicitur,
874 1136 970 1166 cum
997 1121 1202 1179 deinceps
1233 1137 1288 1165 ex
1316 1119 1465 1178 primis
1495 1133 1600 1163 uer-

125 1204 250 1232 suum
284 1188 434 1232 litteris
467 1188 629 1247 aliquid
655 1190 914 1244 conectitur,
951 1192 997 1234 ut
1021 1190 1062 1233 in
1090 1190 1347 1249 quibusdam
1368 1187 1598 1231 Ennianis:

125 1257 174 1311 Q.
206 1256 417 1301 ENNIVS
452 1256 641 1301 FECIT.'
699 1258 779 1315 (sic
811 1259 1019 1303 Auratus.
1058 1273 1194 1318 quae
1226 1256 1437 1302 Ennius
1469 1255 1599 1299 fecit

124 1325 320 1386 plerique
351 1325 472 1380 edd.,
506 1339 589 1369 om.
619 1325 707 1384 alii)

262 1460 600 1505 Fortunatianus
626 1460 679 1504 de
705 1461 802 1504 dial.
837 1461 1032 1518 (auctore
1054 1458 1265 1504 Columna
1286 1475 1325 1517 p.
1345 1465 1443 1514 332)
1478 1462 1600 1502 ‘sunt

124 1529 195 1588 qui
227 1530 407 1573 uerbum
439 1544 463 1572 a
493 1544 598 1573 uero
632 1529 804 1588 quidem
833 1532 986 1587 putant
1012 1528 1195 1584 (lictum3
1234 1527 1310 1570 sed
1336 1528 1476 1585 prima
1501 1527 1600 1585 syl—

123 1597 221 1640 laba
260 1599 366 1641 satis
407 1597 712 1641 animaduersa
752 1597 986 1641 secundam
1034 1595 1209 1654 neglegi
1256 1610 1341 1638 non
1382 1599 1598 1653 oportere.

125 1665 318 1709 Verbum
353 1666 465 1710 enim
497 1681 592 1710 cum
631 1666 833 1720 dicimus,
874 1665 1094 1724 inquiunt,
1134 1664 1272 1722 prima
1304 1663 1397 1707 eius
1428 1664 1600 1721 syllaba

125 1749 274 1777 uerum
309 1735 550 1793 signifieat,
591 1735 782 1778 secunda
810 1748 980 1778 sonum.
1046 1733 1141 1777 Hoc
1176 1732 1286 1775 enim
1319 1731 1473 1775 uolunt
1501 1746 1599 1775 esse

124 1803 237 1846 bum.
315 1803 443 1847 Vnde
488 1804 655 1847 Ennius
704 1818 861 1848 sonum
903 1802 1063 1861 pedum
1117 1801 1356 1845 bombum
1410 1800 1600 1858 pedum

123 1870 255 1914 dixit!

261 2016 376 2060 Idem
415 2015 628 2061 Columna
660 2032 700 2075 p.
733 2023 813 2062 329
852 2033 907 2061 ex
947 2015 1099 2074 ‘antiq.
1129 2014 1282 2073 gloss?
1320 2012 1445 2057 affert
1483 2014 1598 2057 tarn-

125 2099 254 2144 quam
279 2084 496 2129 Enniana:
536 2085 714 2129 locum
745 2089 787 2130 et
820 2084 1044 2145 regredi
1072 2082 1353 2142 gressum.'
