1762 3057
642 189 944 226 ENNIANAE
1426 193 1541 221 XXXI

68 310 184 342 tutam
216 302 405 342 Troianae
438 301 665 340 calamitatis
693 305 858 337 aetatem
892 300 1108 348 ignorasse,
1142 298 1333 347 cognitam
1365 295 1466 334 illam
1505 301 1541 332 et

67 375 284 423 adhibitam,
318 379 358 410 ut
389 374 577 419 nouimus,
611 370 657 408 ab
691 369 801 408 Enuii
832 370 1010 420 aequale,
1042 368 1202 408 Catone.
1264 367 1323 406 Cf.
1358 367 1542 415 Schweg-

74 445 179 484 lerus
212 445 235 482 l.
268 445 292 482 l.
326 457 363 495 p.
396 444 491 481 411).
525 441 623 490 Quid
657 440 806 490 igitur?
837 440 894 478 Ne
927 435 1035 478 certa
1072 439 1342 478 incertioribus
1369 438 1452 487 regi
1481 442 1542 474 aut

70 514 192 551 euerti
223 514 427 563 patiamur,
470 513 613 551 Ennius
644 512 833 561 putandus
872 516 932 547 est
980 512 1114 549 nescio
1156 511 1293 562 quibus
1331 508 1543 547 rationibus

67 589 131 620 aut
161 595 272 633 quem
305 585 542 634 potissimum
573 589 776 621 auctorent
799 587 954 619 secutus
995 588 1170 633 tempore
1210 588 1283 620 tam
1328 580 1542 618 remouisse

70 652 211 690 Troiae
241 653 492 713 calamitatem
526 666 635 704 quam
672 653 817 690 Romae
853 653 1057 703 primordia
1091 653 1346 703 promouisse.

182 723 315 774 Itaque
348 729 386 761 ut
418 724 553 762 redeat
585 725 738 763 tandem
772 724 871 761 unde
907 723 1066 760 deflexit
1102 723 1247 770 oratio,
1281 721 1350 759 Ilia
1382 733 1452 772 per
1491 721 1544 758 fa-

69 793 216 831 miliare
252 793 339 832 hnic
371 798 514 844 poetae
541 795 677 832 somnii
700 796 900 833 artificium
921 794 1175 832 calamitatem
1197 792 1398 842 praenidet
1418 805 1542 829 snam:

69 876 179 915 quam
220 863 406 915 deinceps
432 865 564 915 'poeta
610 866 692 916 ipse
733 865 920 904 narrauit:
965 876 1039 901 non
1075 863 1173 901 adeo
1215 875 1332 913 parce
1372 864 1543 901 Ouidium

69 935 99 971 si
145 935 251 973 audis
295 934 408 973 Trist.
454 935 486 973 ll
532 935 633 973 259:
687 941 882 984 sump.s·‹‘ril
922 939 1096 973 annales:
1140 937 1247 980 (nihil
1287 942 1339 971 es!
1373 936 1547 971 hirsutius

68 1008 182 1047 illiso
229 1009 344 1043 Farla
388 1011 433 1044 sil
479 1011 573 1044 unde
608 1020 753 1055 parem·
790 1009 860 1043 Ilia
894 1019 1021 1055 nempe
1066 1010 1155 1054 lesse!
1186 1003 1387 1055 (XXXV).
1415 1032 1417 1035 -
1443 1004 1545 1041 lliani

70 1074 268 1113 Vestalem
305 1076 424 1113 fuisse
458 1074 598 1114 Cicero
631 1077 678 1114 de
711 1077 786 1114 diu.
821 1076 835 1113 1
868 1076 934 1125 2⁰,
965 1079 1017 1115 :lo
1058 1077 1216 1125 indicat,
1262 1076 1296 1112 in
1329 1087 1440 1126 quem
1472 1086 1545 1111 non

70 1144 138 1183 fuit
171 1147 294 1196 ipsum
328 1158 465 1183 nomen
497 1145 590 1184 Iliae
622 1148 877 1185 coniectando
907 1146 1158 1185 inferendum.

186 1216 275 1254 Post
305 1223 453 1267 partum
484 1218 519 1255 in
550 1217 715 1256 Tiberim
750 1219 994 1269 praecipitari
1029 1217 1178 1255 iubetur
1210 1229 1229 1255 a
1255 1229 1348 1267 rege
1375 1216 1545 1255 Albano-

71 1299 150 1324 rum
188 1287 365 1336 Amulio,
405 1288 438 1325 in
468 1300 601 1338 quein,
647 1295 681 1326 ut
709 1295 790 1327 erat
822 1288 1047 1326 tralaticium
1078 1301 1146 1339 per
1184 1288 1328 1327 Italiam
1369 1294 1545 1336 tyranno-

74 1370 155 1395 rum
187 1370 338 1407 nomen,
371 1358 530 1396 Ennium
563 1372 718 1411 quoque
757 1361 902 1407 tyranni
939 1360 1044 1396 uices
1083 1359 1294 1397 contulisse
1333 1359 1546 1410 Porpliyrio

74 1428 109 1465 in
138 1427 228 1465 Hor.
265 1427 389 1467 Carm.
424 1429 437 1467 Ι
469 1430 505 1481 2,
549 1430 592 1467 15
625 1431 735 1468 testis
767 1437 825 1468 est
858 1428 1114 1479 (xxxt'llt).
1175 1430 1296 1468 Ennio
1330 1432 1546 1482 pracinerat

72 1497 264 1548 Naeuius,
311 1501 342 1537 si
384 1512 474 1537 uera
517 1506 597 1549 est,
640 1513 751 1551 qnam
785 1501 1016 1540 Niebuhrius
1054 1500 1148 1537 Hist.
1191 1500 1299 1538 Rom.
1342 1503 1355 1541 Ι
1398 1516 1432 1553 p.
1474 1503 1547 1540 120

76 1569 267 1619 probauit,
296 1570 498 1608 Hermanni
531 1570 655 1609 Elem.
689 1572 812 1610 doctr.
847 1579 956 1610 metr.
995 1574 1031 1622 p.
1065 1573 1138 1609 (5:31
1179 1573 1414 1612 coniectura.
1468 1573 1545 1611 Sed

75 1640 104 1676 is
136 1653 246 1690 quam
282 1653 365 1678 nam
404 1642 646 1690 cognationis
689 1645 872 1680 rationem
905 1655 987 1680 cum
1027 1643 1160 1679 Aenea
1193 1648 1229 1680 et
1262 1642 1327 1681 Ilia
1359 1643 1547 1683 habuerit.

74 1711 160 1748 milii
196 1711 429 1760 obscurum,
460 1718 497 1749 ut
529 1712 593 1749 fuit
628 1712 839 1750 Niebuhrio
869 1712 963 1750 Hist.
997 1712 1105 1750 Rom.
1135 1712 1148 1749 l
1176 1724 1212 1762 p.
1248 1712 1334 1750 121».
1383 1714 1440 1751 De
1473 1726 1547 1763 quo

74 1783 198 1819 missis
217 1782 374 1819 alioruin
402 1783 624 1819 commentis
657 1795 766 1820 unam
785 1782 943 1832 llbergii
969 1785 1041 1821 mei
1076 1777 1329 1833 suspitionem¹
1352 1786 1544 1831 attingam.

74 1852 262 1890 Amulium
296 1852 504 1890 Ennianum
547 1866 635 1891 esse
668 1854 826 1892 Aeneae.
868 1854 982 1891 lilium
1024 1854 1249 1890 conicientis
1275 1866 1308 1903 p.
1338 1853 1402 1891 20.
1466 1854 1547 1892 Hoc

75 1924 173 1960 enim
202 1923 469 1973 Apollodorus
502 1925 536 1960 in
568 1923 768 1963 Euxenide
790 1925 914 1977 (apud
946 1923 1099 1961 Festum
1134 1935 1168 1973 ι).
1206 1922 1284 1961 266
1312 1923 1383 1975 M.)
1427 1929 1547 1961 Astura

73 2001 105 2030 (Ἰ
147 1997 298 2031 Lauinia
335 2002 441 2032 malos
474 1988 670 2043 AIayllvm,
707 1997 870 2041 Malum,
906 1997 1155 2043 Rlenmmnqm'
1189 1989 1295 2043 alth
1325 1997 1369 2030 ult
1413 1997 1550 2031 siluam,

73 2066 157 2100 urbi
193 2070 344 2101 (ructum
381 2078 523 2103 nomen.
571 2065 788 2104 Mousti-osa
816 2066 966 2104 nomina
996 2072 1110 2116 atque
1142 2066 1327 2109 inaudita,
1364 2076 1384 2101 e
1414 2063 1549 2114 quibus

74 2132 139 2170 ille
171 2133 372 2172 adiuuante
395 2135 598 2174 Plutarcho
624 2136 773 2174 Romuli
797 2150 829 2175 c.
862 2136 884 2173 2
917 2137 957 2175 οἵ
983 2134 1043 2181 ὸὲ,
1076 2136 1264 2186 Αἰμιλίαν
1292 2128 1365 2186 τὴν
1391 2134 1550 2172 Αἰνείου

76 2202 141 2240 καὶ
164 2205 378 2254 Λαβινίας,
408 2201 516 2257 ’Ἄρει
546 2207 849 2257 συγγενομένην,
885 2206 1076 2243 subtiliter
1106 2206 1203 2244 llaec
1234 2210 1358 2244 Aenea
1385 2214 1415 2243 et
1441 2209 1532 2242 Lam·

75 2278 137 2310 φιίιι
176 2281 281 2310 natos
311 2278 519 2324 Aemiliam,
558 2280 735 2314 Anndium
773 2289 805 2313 e.
837 2288 872 2325 q.
907 2289 936 2315 s.
972 2275 1145 2314 elicuit*.
1202 2276 1335 2326 Itaque
1367 2289 1388 2314 e
1422 2275 1549 2313 Latina

76 2344 158 2393 (uel
183 2344 310 2394 potius
331 2342 510 2402 Albana)
525 2346 688 2395 coniuge
714 2346 760 2383 ab
784 2346 914 2383 Aenea
938 2353 1158 2397 susceptum
1176 2346 1365 2384 Amulium
1391 2346 1549 2382 arbitra-

76 2420 146 2451 tur.
199 2413 245 2451 Ni
277 2415 406 2451 mirum
430 2413 491 2450 ubi
517 2426 538 2450 e
567 2415 713 2463 uulgari
742 2419 956 2454 mirratione
986 2417 1232 2455 intercalatas
1253 2416 1429 2454 consulto
1453 2409 1549 2452 intei-

76 2483 244 2521 Aeneam
279 2490 315 2521 et
343 2484 529 2521 Amulium
564 2491 710 2522 aetates
745 2488 957 2531 exemeriS,
997 2487 1169 2524 Amulius
1202 2489 1233 2525 in
1269 2487 1391 2524 locum
1425 2485 1547 2523 Siluii.

77 2553 234 2591 Aeneae
264 2567 284 2591 c
320 2554 448 2592 Latina
482 2566 600 2591 uxore
631 2556 715 2603 lilii,
750 2556 937 2593 succedit.
993 2556 1039 2593 At
1069 2570 1114 2594 ea
1147 2559 1293 2594 ratione
1327 2568 1408 2594 cum
1433 2557 1548 2606 qnae*-

170 2732 188 2755 *
218 2734 305 2764 ΙιΙιἪι
345 2735 443 2766 uideo
479 2735 727 2776 &lure-:glorium
764 2735 847 2765 llist.
889 2736 982 2767 Rom,
1019 2738 1025 2767 l
1061 2748 1093 2778 μ.
1136 2738 1201 2767 402
1241 2737 1444 2774 maim-isso,
1487 2737 1549 2766 nisi

77 2791 166 2830 quod
192 2791 225 2821 in
252 2792 383 2822 Mulus
410 2792 608 2823 delitescere
636 2793 659 2823 R
673 2790 853 2823 emulum
881 2793 1091 2833 probabilius
1110 2794 1155 2823 illi
1183 2794 1327 2823 uidetur.
