<?xml version="1.0" encoding="UTF-8"?>
<!DOCTYPE html PUBLIC "-//W3C//DTD XHTML 1.0 Transitional//EN"
    "http://www.w3.org/TR/xhtml1/DTD/xhtml1-transitional.dtd">
<html xmlns="http://www.w3.org/1999/xhtml" xml:lang="en" lang="en">
 <head>
  <title>
</title>
<meta http-equiv="Content-Type" content="text/html;charset=utf-8" />
  <meta name='ocr-system' content='tesseract 3.04.00' />
  <meta name='ocr-capabilities' content='ocr_page ocr_carea ocr_par ocr_line ocrx_word'/>
</head>
<body>
  <div class='ocr_page' id='page_1' title='image "./poesisreliquiae00enniuoft_0064.png"; bbox 0 0 1762 3057; ppageno 0'>
   <div class='ocr_carea' id='block_1_1' title="bbox 192 171 1127 219">
    <p class='ocr_par' dir='ltr' id='par_1_1' title="bbox 192 171 1127 219">
     <span class='ocr_line' id='line_1_1' title="bbox 192 171 1127 219; baseline -0.006 -6"><span class='ocrx_word' id='word_1_1' title='bbox 192 184 269 213; x_wconf 87' lang='lat' dir='ltr'>LVI</span> <span class='ocrx_word' id='word_1_2' title='bbox 713 171 1127 219; x_wconf 80' lang='lat' dir='ltr'><strong>QVAESTIONES</strong></span> 
     </span>
    </p>
   </div>
   <div class='ocr_carea' id='block_1_2' title="bbox 193 277 1690 2782">
    <p class='ocr_par' dir='ltr' id='par_1_2' title="bbox 193 277 1690 2782">
     <span class='ocr_line' id='line_1_2' title="bbox 197 277 1663 337; baseline -0.005 -14"><span class='ocrx_word' id='word_1_3' title='bbox 197 291 355 337; x_wconf 84' lang='lat' dir='ltr'>propter</span> <span class='ocrx_word' id='word_1_4' title='bbox 389 285 637 334; x_wconf 74' lang='lat' dir='ltr'>multiplicem</span> <span class='ocrx_word' id='word_1_5' title='bbox 668 284 703 320; x_wconf 91' lang='lat' dir='ltr'>in</span> <span class='ocrx_word' id='word_1_6' title='bbox 732 282 807 320; x_wconf 86' lang='lat' dir='ltr'>hoc</span> <span class='ocrx_word' id='word_1_7' title='bbox 834 282 940 320; x_wconf 90' lang='lat' dir='ltr'>bello</span> <span class='ocrx_word' id='word_1_8' title='bbox 972 281 1214 318; x_wconf 77' lang='lat' dir='ltr'>Numidarum</span> <span class='ocrx_word' id='word_1_9' title='bbox 1251 279 1417 329; x_wconf 85' lang='lat' dir='ltr'>equitum</span> <span class='ocrx_word' id='word_1_10' title='bbox 1451 290 1558 316; x_wconf 89' lang='lat' dir='ltr'>usum</span> <span class='ocrx_word' id='word_1_11' title='bbox 1591 277 1663 328; x_wconf 87' lang='lat' dir='ltr'>(cf.</span> 
     </span>
     <span class='ocr_line' id='line_1_3' title="bbox 193 349 1666 404; baseline -0.005 -10"><span class='ocrx_word' id='word_1_12' title='bbox 193 356 269 394; x_wconf 89' lang='lat' dir='ltr'>Liu.</span> <span class='ocrx_word' id='word_1_13' title='bbox 295 355 383 393; x_wconf 91' lang='lat' dir='ltr'>XXI</span> <span class='ocrx_word' id='word_1_14' title='bbox 415 354 479 391; x_wconf 67' lang='lat'>25).</span> <span class='ocrx_word' id='word_1_15' title='bbox 510 354 584 404; x_wconf 68' lang='lat'>45)</span> <span class='ocrx_word' id='word_1_16' title='bbox 619 365 693 390; x_wconf 89' lang='lat' dir='ltr'>non</span> <span class='ocrx_word' id='word_1_17' title='bbox 723 364 823 400; x_wconf 82' lang='lat' dir='ltr'>nego</span> <span class='ocrx_word' id='word_1_18' title='bbox 858 352 970 389; x_wconf 83' lang='lat' dir='ltr'>etiam</span> <span class='ocrx_word' id='word_1_19' title='bbox 1001 352 1037 388; x_wconf 89' lang='lat' dir='ltr'>in</span> <span class='ocrx_word' id='word_1_20' title='bbox 1066 351 1138 389; x_wconf 89' lang='lat' dir='ltr'>alia</span> <span class='ocrx_word' id='word_1_21' title='bbox 1171 356 1279 401; x_wconf 86' lang='lat' dir='ltr'>parte</span> <span class='ocrx_word' id='word_1_22' title='bbox 1306 351 1388 388; x_wconf 85' lang='lat' dir='ltr'>eius</span> <span class='ocrx_word' id='word_1_23' title='bbox 1419 349 1505 387; x_wconf 85' lang='lat' dir='ltr'><strong>libri</strong></span> <span class='ocrx_word' id='word_1_24' title='bbox 1532 349 1666 388; x_wconf 91' lang='lat' dir='ltr'>haberi</span> 
     </span>
     <span class='ocr_line' id='line_1_4' title="bbox 195 418 1665 476; baseline -0.004 -14"><span class='ocrx_word' id='word_1_25' title='bbox 195 426 381 476; x_wconf 86' lang='lat' dir='ltr'>potuisse.</span> <span class='ocrx_word' id='word_1_26' title='bbox 443 423 550 461; x_wconf 83' lang='lat' dir='ltr'>Mitto</span> <span class='ocrx_word' id='word_1_27' title='bbox 591 435 688 460; x_wconf 76' lang='lat' dir='ltr'>minc</span> <span class='ocrx_word' id='word_1_28' title='bbox 717 423 830 459; x_wconf 89' lang='lat' dir='ltr'>etiam</span> <span class='ocrx_word' id='word_1_29' title='bbox 864 421 909 458; x_wconf 88' lang='lat' dir='ltr'>fr.</span> <span class='ocrx_word' id='word_1_30' title='bbox 944 419 1018 469; x_wconf 76' lang='lat' dir='ltr'>IX,</span> <span class='ocrx_word' id='word_1_31' title='bbox 1062 432 1136 471; x_wconf 91' lang='lat' dir='ltr'>quo</span> <span class='ocrx_word' id='word_1_32' title='bbox 1175 420 1269 458; x_wconf 85' lang='lat' dir='ltr'>infra</span> <span class='ocrx_word' id='word_1_33' title='bbox 1310 425 1495 458; x_wconf 90' lang='lat' dir='ltr'>reuertar.</span> <span class='ocrx_word' id='word_1_34' title='bbox 1557 418 1665 465; x_wconf 86' lang='lat' dir='ltr'><strong>Quae</strong></span> 
     </span>
     <span class='ocr_line' id='line_1_5' title="bbox 197 489 1666 541; baseline -0.005 -8"><span class='ocrx_word' id='word_1_35' title='bbox 197 496 411 533; x_wconf 88' lang='lat' dir='ltr'>certissimo</span> <span class='ocrx_word' id='word_1_36' title='bbox 453 494 590 530; x_wconf 86' lang='lat' dir='ltr'>indicio</span> <span class='ocrx_word' id='word_1_37' title='bbox 625 492 784 530; x_wconf 88' lang='lat' dir='ltr'>Ennium</span> <span class='ocrx_word' id='word_1_38' title='bbox 821 491 913 529; x_wconf 91' lang='lat' dir='ltr'>illud</span> <span class='ocrx_word' id='word_1_39' title='bbox 955 489 1096 528; x_wconf 88' lang='lat' dir='ltr'>bellum</span> <span class='ocrx_word' id='word_1_40' title='bbox 1136 504 1209 529; x_wconf 89' lang='lat' dir='ltr'>nec</span> <span class='ocrx_word' id='word_1_41' title='bbox 1249 491 1484 541; x_wconf 89' lang='lat' dir='ltr'>praeterisse</span> <span class='ocrx_word' id='word_1_42' title='bbox 1515 489 1666 527; x_wconf 90' lang='lat' dir='ltr'>omnino</span> 
     </span>
     <span class='ocr_line' id='line_1_6' title="bbox 197 559 1666 614; baseline -0.005 -11"><span class='ocrx_word' id='word_1_43' title='bbox 197 578 269 603; x_wconf 87' lang='lat' dir='ltr'>nec</span> <span class='ocrx_word' id='word_1_44' title='bbox 308 565 416 602; x_wconf 88' lang='lat' dir='ltr'>nimis</span> <span class='ocrx_word' id='word_1_45' title='bbox 456 576 572 614; x_wconf 86' lang='lat' dir='ltr'>parce</span> <span class='ocrx_word' id='word_1_46' title='bbox 610 569 799 601; x_wconf 80' lang='lat' dir='ltr'>tractasse</span> <span class='ocrx_word' id='word_1_47' title='bbox 838 560 1063 608; x_wconf 71' lang='lat' dir='ltr'>ostendunt7</span> <span class='ocrx_word' id='word_1_48' title='bbox 1105 561 1203 599; x_wconf 88' lang='lat' dir='ltr'>haec</span> <span class='ocrx_word' id='word_1_49' title='bbox 1234 561 1307 599; x_wconf 90' lang='lat' dir='ltr'>duo</span> <span class='ocrx_word' id='word_1_50' title='bbox 1335 567 1420 599; x_wconf 86' lang='lat' dir='ltr'>sunt</span> <span class='ocrx_word' id='word_1_51' title='bbox 1452 572 1472 597; x_wconf 92' lang='lat' dir='ltr'>e</span> <span class='ocrx_word' id='word_1_52' title='bbox 1503 559 1666 609; x_wconf 88' lang='lat' dir='ltr'>septimo</span> 
     </span>
     <span class='ocr_line' id='line_1_7' title="bbox 196 630 1668 684; baseline -0.004 -12"><span class='ocrx_word' id='word_1_53' title='bbox 196 635 318 674; x_wconf 85' lang='lat' dir='ltr'>annali</span> <span class='ocrx_word' id='word_1_54' title='bbox 361 634 486 672; x_wconf 86' lang='lat' dir='ltr'>adlata</span> <span class='ocrx_word' id='word_1_55' title='bbox 522 634 734 684; x_wconf 86' lang='lat' dir='ltr'>fragmenta</span> <span class='ocrx_word' id='word_1_56' title='bbox 767 631 870 681; x_wconf 68' lang='lat' dir='ltr'>(Vll.</span> <span class='ocrx_word' id='word_1_57' title='bbox 904 630 1037 681; x_wconf 67' lang='lat' dir='ltr'>VIIIJ:</span> <span class='ocrx_word' id='word_1_58' title='bbox 1079 630 1213 681; x_wconf 86' lang='lat' dir='ltr'>quibus</span> <span class='ocrx_word' id='word_1_59' title='bbox 1254 638 1290 669; x_wconf 86' lang='lat' dir='ltr'>ut</span> <span class='ocrx_word' id='word_1_60' title='bbox 1324 637 1498 682; x_wconf 84' lang='lat' dir='ltr'>apertum</span> <span class='ocrx_word' id='word_1_61' title='bbox 1530 635 1588 667; x_wconf 84' lang='lat' dir='ltr'>est</span> <span class='ocrx_word' id='word_1_62' title='bbox 1618 630 1668 666; x_wconf 87' lang='lat' dir='ltr'>ita</span> 
     </span>
     <span class='ocr_line' id='line_1_8' title="bbox 195 699 1670 753; baseline -0.005 -10"><span class='ocrx_word' id='word_1_63' title='bbox 195 707 383 744; x_wconf 86' lang='lat' dir='ltr'>neminem</span> <span class='ocrx_word' id='word_1_64' title='bbox 415 703 602 742; x_wconf 85' lang='lat' dir='ltr'>editorum</span> <span class='ocrx_word' id='word_1_65' title='bbox 632 704 726 753; x_wconf 81' lang='lat' dir='ltr'>fugit</span> <span class='ocrx_word' id='word_1_66' title='bbox 766 714 885 739; x_wconf 87' lang='lat' dir='ltr'>naues</span> <span class='ocrx_word' id='word_1_67' title='bbox 920 702 1079 750; x_wconf 81' lang='lat' dir='ltr'>regendi</span> <span class='ocrx_word' id='word_1_68' title='bbox 1120 702 1326 749; x_wconf 58' lang='lat' dir='ltr'>exercitia„</span> <span class='ocrx_word' id='word_1_69' title='bbox 1368 700 1494 751; x_wconf 85' lang='lat' dir='ltr'>qualia</span> <span class='ocrx_word' id='word_1_70' title='bbox 1526 699 1608 737; x_wconf 88' lang='lat' dir='ltr'>fere</span> <span class='ocrx_word' id='word_1_71' title='bbox 1634 699 1670 735; x_wconf 90' lang='lat' dir='ltr'>in</span> 
     </span>
     <span class='ocr_line' id='line_1_9' title="bbox 198 768 1669 821; baseline -0.005 -7"><span class='ocrx_word' id='word_1_72' title='bbox 198 777 323 815; x_wconf 91' lang='lat' dir='ltr'>limine</span> <span class='ocrx_word' id='word_1_73' title='bbox 354 774 448 813; x_wconf 87' lang='lat' dir='ltr'>belli</span> <span class='ocrx_word' id='word_1_74' title='bbox 481 773 597 812; x_wconf 89' lang='lat' dir='ltr'>rudes</span> <span class='ocrx_word' id='word_1_75' title='bbox 626 774 735 811; x_wconf 86' lang='lat' dir='ltr'>huius</span> <span class='ocrx_word' id='word_1_76' title='bbox 764 774 854 809; x_wconf 88' lang='lat' dir='ltr'>artis</span> <span class='ocrx_word' id='word_1_77' title='bbox 876 771 1034 809; x_wconf 88' lang='lat' dir='ltr'>Romani</span> <span class='ocrx_word' id='word_1_78' title='bbox 1055 772 1317 819; x_wconf 75' lang='lat' dir='ltr'>instituerunt,</span> <span class='ocrx_word' id='word_1_79' title='bbox 1352 770 1521 821; x_wconf 79' lang='lat' dir='ltr'><strong>depingi.</strong></span> <span class='ocrx_word' id='word_1_80' title='bbox 1575 768 1669 806; x_wconf 81' lang='lat' dir='ltr'>Rem</span> 
     </span>
     <span class='ocr_line' id='line_1_10' title="bbox 198 833 1671 891; baseline -0.005 -8"><span class='ocrx_word' id='word_1_81' title='bbox 198 852 235 883; x_wconf 87' lang='lat' dir='ltr'>et</span> <span class='ocrx_word' id='word_1_82' title='bbox 273 844 468 883; x_wconf 87' lang='lat' dir='ltr'>confirmat</span> <span class='ocrx_word' id='word_1_83' title='bbox 508 851 545 882; x_wconf 88' lang='lat' dir='ltr'>et</span> <span class='ocrx_word' id='word_1_84' title='bbox 578 844 750 881; x_wconf 80' lang='lat' dir='ltr'>inlustrat</span> <span class='ocrx_word' id='word_1_85' title='bbox 777 843 959 891; x_wconf 71' lang='lat' dir='ltr'>Polybius</span> <span class='ocrx_word' id='word_1_86' title='bbox 990 842 1005 879; x_wconf 97' lang='lat' dir='ltr'>I</span> <span class='ocrx_word' id='word_1_87' title='bbox 1037 841 1083 878; x_wconf 79' lang='lat'>21</span> <span class='ocrx_word' id='word_1_88' title='bbox 1121 842 1167 878; x_wconf 87' lang='lat' dir='ltr'>in.</span> <span class='ocrx_word' id='word_1_89' title='bbox 1207 841 1246 879; x_wconf 81' lang='grc' dir='ltr'>οἱ</span> <span class='ocrx_word' id='word_1_90' title='bbox 1277 838 1318 879; x_wconf 80' lang='grc' dir='ltr'>δὲ</span> <span class='ocrx_word' id='word_1_91' title='bbox 1352 833 1398 878; x_wconf 80' lang='grc' dir='ltr'>τὰ</span> <span class='ocrx_word' id='word_1_92' title='bbox 1432 833 1671 889; x_wconf 78' lang='grc' dir='ltr'><em>πληρώματα</em></span> 
     </span>
     <span class='ocr_line' id='line_1_11' title="bbox 198 904 1672 965; baseline -0.003 -13"><span class='ocrx_word' id='word_1_93' title='bbox 198 913 528 965; x_wconf 74' lang='grc' dir='ltr'><em>συναθροίσαντες</em></span> <span class='ocrx_word' id='word_1_94' title='bbox 575 913 781 952; x_wconf 77' lang='grc' dir='ltr'><em>ἐδίδασκον</em></span> <span class='ocrx_word' id='word_1_95' title='bbox 813 911 854 950; x_wconf 82' lang='grc' dir='ltr'><em>ἐν</em></span> <span class='ocrx_word' id='word_1_96' title='bbox 884 914 930 965; x_wconf 80' lang='grc' dir='ltr'>τῇ</span> <span class='ocrx_word' id='word_1_97' title='bbox 960 913 1010 965; x_wconf 81' lang='grc' dir='ltr'>γῇ</span> <span class='ocrx_word' id='word_1_98' title='bbox 1041 913 1284 961; x_wconf 75' lang='grc' dir='ltr'><em>κωπηλατεῖν</em></span> <span class='ocrx_word' id='word_1_99' title='bbox 1313 904 1381 949; x_wconf 85' lang='grc' dir='ltr'><em>τὸν</em></span> <span class='ocrx_word' id='word_1_100' title='bbox 1414 907 1560 962; x_wconf 81' lang='grc' dir='ltr'><em>τρόπον</em></span> <span class='ocrx_word' id='word_1_101' title='bbox 1584 910 1672 947; x_wconf 86' lang='grc' dir='ltr'><em>τοῦ-</em></span> 
     </span>
     <span class='ocr_line' id='line_1_12' title="bbox 197 973 1674 1035; baseline -0.003 -12"><span class='ocrx_word' id='word_1_102' title='bbox 197 999 284 1023; x_wconf 88' lang='grc' dir='ltr'><em>τον·</em></span> <span class='ocrx_word' id='word_1_103' title='bbox 326 984 560 1029; x_wconf 76' lang='grc' dir='ltr'><em>καθίσαντες</em></span> <span class='ocrx_word' id='word_1_104' title='bbox 590 982 753 1021; x_wconf 80' lang='grc' dir='ltr'><em>ἐπὶτῶν</em></span> <span class='ocrx_word' id='word_1_105' title='bbox 783 982 954 1033; x_wconf 81' lang='grc' dir='ltr'><em>εἰρεσιῶν</em></span> <span class='ocrx_word' id='word_1_106' title='bbox 989 979 1030 1018; x_wconf 79' lang='grc' dir='ltr'><em>ἐν</em></span> <span class='ocrx_word' id='word_1_107' title='bbox 1060 983 1105 1034; x_wconf 82' lang='grc' dir='ltr'>τῇ</span> <span class='ocrx_word' id='word_1_108' title='bbox 1143 980 1264 1035; x_wconf 80' lang='grc' dir='ltr'><em>χέρσῳ</em></span> <span class='ocrx_word' id='word_1_109' title='bbox 1295 975 1383 1027; x_wconf 77' lang='grc' dir='ltr'><em>τοὺς</em></span> <span class='ocrx_word' id='word_1_110' title='bbox 1419 975 1565 1032; x_wconf 74' lang='grc' dir='ltr'><em>ἄνδρας</em></span> <span class='ocrx_word' id='word_1_111' title='bbox 1602 973 1674 1030; x_wconf 80' lang='grc' dir='ltr'><em>τὴν</em></span> 
     </span>
     <span class='ocr_line' id='line_1_13' title="bbox 199 1045 1672 1104; baseline -0.003 -11"><span class='ocrx_word' id='word_1_112' title='bbox 199 1048 323 1104; x_wconf 74' lang='grc' dir='ltr'><em>αὐτὴν</em></span> <span class='ocrx_word' id='word_1_113' title='bbox 351 1054 507 1104; x_wconf 76' lang='grc' dir='ltr'><em>ἔχοντας</em></span> <span class='ocrx_word' id='word_1_114' title='bbox 532 1048 642 1101; x_wconf 76' lang='grc' dir='ltr'><em>τάξιν</em></span> <span class='ocrx_word' id='word_1_115' title='bbox 666 1055 750 1098; x_wconf 81' lang='grc' dir='ltr'><em>ταῖς</em></span> <span class='ocrx_word' id='word_1_116' title='bbox 771 1045 832 1090; x_wconf 72' lang='grc' dir='ltr'>ἐπ’</span> <span class='ocrx_word' id='word_1_117' title='bbox 867 1045 997 1089; x_wconf 72' lang='grc' dir='ltr'><em>αὐτῶν</em></span> <span class='ocrx_word' id='word_1_118' title='bbox 1020 1053 1097 1089; x_wconf 81' lang='grc' dir='ltr'><em>τῶν</em></span> <span class='ocrx_word' id='word_1_119' title='bbox 1116 1052 1262 1089; x_wconf 86' lang='grc' dir='ltr'><em>πλοίων</em></span> <span class='ocrx_word' id='word_1_120' title='bbox 1286 1050 1522 1103; x_wconf 77' lang='grc' dir='ltr'><em>καθέδραις,</em></span> <span class='ocrx_word' id='word_1_121' title='bbox 1553 1049 1672 1101; x_wconf 82' lang='grc' dir='ltr'><em>μέσον</em></span> 
     </span>
     <span class='ocr_line' id='line_1_14' title="bbox 201 1115 1675 1173; baseline -0.003 -11"><span class='ocrx_word' id='word_1_122' title='bbox 201 1119 241 1162; x_wconf 72' lang='grc' dir='ltr'>δ’</span> <span class='ocrx_word' id='word_1_123' title='bbox 276 1123 317 1162; x_wconf 81' lang='grc' dir='ltr'><em>ἐν</em></span> <span class='ocrx_word' id='word_1_124' title='bbox 356 1117 488 1170; x_wconf 74' lang='grc' dir='ltr'><em>αὐτοῖς</em></span> <span class='ocrx_word' id='word_1_125' title='bbox 527 1122 731 1173; x_wconf 83' lang='grc' dir='ltr'><em>στήσαντες</em></span> <span class='ocrx_word' id='word_1_126' title='bbox 768 1115 836 1161; x_wconf 78' lang='grc' dir='ltr'><em>τὸν</em></span> <span class='ocrx_word' id='word_1_127' title='bbox 876 1115 1102 1172; x_wconf 76' lang='grc' dir='ltr'><em>κελευστὴν,</em></span> <span class='ocrx_word' id='word_1_128' title='bbox 1146 1118 1225 1172; x_wconf 72' lang='grc' dir='ltr'><em>ἅμα</em></span> <span class='ocrx_word' id='word_1_129' title='bbox 1260 1119 1410 1170; x_wconf 73' lang='grc' dir='ltr'><em>πάντας</em></span> <span class='ocrx_word' id='word_1_130' title='bbox 1443 1118 1675 1160; x_wconf 71' lang='grc' dir='ltr'><em>ἀναπίπτειν</em></span> 
     </span>
     <span class='ocr_line' id='line_1_15' title="bbox 201 1185 1675 1244; baseline -0.003 -11"><span class='ocrx_word' id='word_1_131' title='bbox 201 1188 264 1244; x_wconf 79' lang='grc' dir='ltr'>ἐφ’</span> <span class='ocrx_word' id='word_1_132' title='bbox 298 1188 439 1240; x_wconf 71' lang='grc' dir='ltr'><em>αὖτοὺς</em></span> <span class='ocrx_word' id='word_1_133' title='bbox 469 1189 634 1243; x_wconf 73' lang='grc' dir='ltr'><em>ἄγοντας</em></span> <span class='ocrx_word' id='word_1_134' title='bbox 664 1185 731 1237; x_wconf 71' lang='grc' dir='ltr'>τὰς</span> <span class='ocrx_word' id='word_1_135' title='bbox 762 1194 888 1242; x_wconf 82' lang='grc' dir='ltr'><em>χεῖρας</em></span> <span class='ocrx_word' id='word_1_136' title='bbox 928 1190 992 1229; x_wconf 79' lang='grc' dir='ltr'><em>καὶ</em></span> <span class='ocrx_word' id='word_1_137' title='bbox 1025 1189 1146 1230; x_wconf 75' lang='grc' dir='ltr'><em>πάλιν</em></span> <span class='ocrx_word' id='word_1_138' title='bbox 1184 1189 1389 1244; x_wconf 84' lang='grc' dir='ltr'><em>προνεύειν</em></span> <span class='ocrx_word' id='word_1_139' title='bbox 1430 1190 1675 1240; x_wconf 81' lang='grc' dir='ltr'><em>ἕξωθοῦντας</em></span> 
     </span>
     <span class='ocr_line' id='line_1_16' title="bbox 200 1254 1672 1314; baseline -0.003 -11"><span class='ocrx_word' id='word_1_140' title='bbox 200 1261 342 1310; x_wconf 74' lang='grc' dir='ltr'><em>ταύτας</em></span> <span class='ocrx_word' id='word_1_141' title='bbox 370 1263 612 1310; x_wconf 77' lang='grc' dir='ltr'><em>συνείθιζον,</em></span> <span class='ocrx_word' id='word_1_142' title='bbox 643 1256 833 1312; x_wconf 73' lang='grc' dir='ltr'><em>ἄρχεσθαί</em></span> <span class='ocrx_word' id='word_1_143' title='bbox 861 1276 898 1299; x_wconf 88' lang='grc' dir='ltr'>τε</span> <span class='ocrx_word' id='word_1_144' title='bbox 927 1261 992 1300; x_wconf 78' lang='grc' dir='ltr'><em>καὶ</em></span> <span class='ocrx_word' id='word_1_145' title='bbox 1017 1258 1148 1313; x_wconf 78' lang='grc' dir='ltr'><em>λήγειν</em></span> <span class='ocrx_word' id='word_1_146' title='bbox 1179 1265 1255 1300; x_wconf 82' lang='grc' dir='ltr'><em>τῶν</em></span> <span class='ocrx_word' id='word_1_147' title='bbox 1286 1258 1478 1312; x_wconf 79' lang='grc' dir='ltr'><em>κινήσεων</em></span> <span class='ocrx_word' id='word_1_148' title='bbox 1504 1254 1601 1314; x_wconf 83' lang='grc' dir='ltr'><em>πρὸς</em></span> <span class='ocrx_word' id='word_1_149' title='bbox 1625 1254 1672 1300; x_wconf 71' lang='grc' dir='ltr'>τὰ</span> 
     </span>
     <span class='ocr_line' id='line_1_17' title="bbox 201 1330 1674 1383; baseline -0.002 -10"><span class='ocrx_word' id='word_1_150' title='bbox 201 1337 269 1373; x_wconf 84' lang='grc' dir='ltr'>τοῦ</span> <span class='ocrx_word' id='word_1_151' title='bbox 292 1335 495 1372; x_wconf 79' lang='grc' dir='ltr'><em>κελευστοῦ</em></span> <span class='ocrx_word' id='word_1_152' title='bbox 516 1330 830 1383; x_wconf 69' lang='grc' dir='ltr'><em>παραγγέλματα.</em></span> <span class='ocrx_word' id='word_1_153' title='bbox 865 1331 947 1379; x_wconf 87' lang='lat' dir='ltr'>Qua</span> <span class='ocrx_word' id='word_1_154' title='bbox 966 1346 1006 1370; x_wconf 89' lang='lat' dir='ltr'>re</span> <span class='ocrx_word' id='word_1_155' title='bbox 1026 1333 1127 1383; x_wconf 90' lang='lat' dir='ltr'>quod</span> <span class='ocrx_word' id='word_1_156' title='bbox 1147 1344 1261 1383; x_wconf 88' lang='lat' dir='ltr'>supra</span> <span class='ocrx_word' id='word_1_157' title='bbox 1280 1333 1387 1382; x_wconf 83' lang='lat' dir='ltr'>tetigi</span> <span class='ocrx_word' id='word_1_158' title='bbox 1405 1333 1482 1370; x_wconf 92' lang='lat' dir='ltr'>noli</span> <span class='ocrx_word' id='word_1_159' title='bbox 1500 1333 1674 1372; x_wconf 88' lang='lat' dir='ltr'>dubitare</span> 
     </span>
     <span class='ocr_line' id='line_1_18' title="bbox 203 1401 1674 1453; baseline -0.001 -12"><span class='ocrx_word' id='word_1_160' title='bbox 203 1403 350 1443; x_wconf 89' lang='lat' dir='ltr'>duobus</span> <span class='ocrx_word' id='word_1_161' title='bbox 382 1403 463 1440; x_wconf 88' lang='lat' dir='ltr'>istis</span> <span class='ocrx_word' id='word_1_162' title='bbox 497 1403 647 1439; x_wconf 81' lang='lat' dir='ltr'>tertium</span> <span class='ocrx_word' id='word_1_163' title='bbox 683 1402 838 1439; x_wconf 79' lang='lat' dir='ltr'>adicere</span> <span class='ocrx_word' id='word_1_164' title='bbox 870 1403 905 1441; x_wconf 90' lang='lat' dir='ltr'>id</span> <span class='ocrx_word' id='word_1_165' title='bbox 935 1403 1035 1452; x_wconf 86' lang='lat' dir='ltr'>quod</span> <span class='ocrx_word' id='word_1_166' title='bbox 1062 1403 1138 1439; x_wconf 91' lang='lat' dir='ltr'>illis</span> <span class='ocrx_word' id='word_1_167' title='bbox 1160 1404 1369 1453; x_wconf 87' lang='lat' dir='ltr'>praeposui</span> <span class='ocrx_word' id='word_1_168' title='bbox 1397 1404 1443 1440; x_wconf 88' lang='lat' dir='ltr'>fr.</span> <span class='ocrx_word' id='word_1_169' title='bbox 1466 1402 1530 1444; x_wconf 74' lang='lat' dir='ltr'>VI,</span> <span class='ocrx_word' id='word_1_170' title='bbox 1577 1401 1674 1449; x_wconf 86' lang='lat' dir='ltr'>Quin</span> 
     </span>
     <span class='ocr_line' id='line_1_19' title="bbox 203 1472 1675 1523; baseline -0.002 -11"><span class='ocrx_word' id='word_1_171' title='bbox 203 1487 252 1512; x_wconf 83' lang='lat' dir='ltr'>ex</span> <span class='ocrx_word' id='word_1_172' title='bbox 280 1475 352 1512; x_wconf 91' lang='lat' dir='ltr'>hac</span> <span class='ocrx_word' id='word_1_173' title='bbox 379 1473 488 1511; x_wconf 87' lang='lat' dir='ltr'>Ennii</span> <span class='ocrx_word' id='word_1_174' title='bbox 519 1473 734 1509; x_wconf 79' lang='lat' dir='ltr'>narratione</span> <span class='ocrx_word' id='word_1_175' title='bbox 764 1472 961 1521; x_wconf 85' lang='lat' dir='ltr'>Vergilius</span> <span class='ocrx_word' id='word_1_176' title='bbox 998 1473 1154 1510; x_wconf 91' lang='lat' dir='ltr'>colores</span> <span class='ocrx_word' id='word_1_177' title='bbox 1191 1472 1377 1523; x_wconf 86' lang='lat' dir='ltr'>quosdam</span> <span class='ocrx_word' id='word_1_178' title='bbox 1412 1473 1448 1509; x_wconf 90' lang='lat' dir='ltr'>in</span> <span class='ocrx_word' id='word_1_179' title='bbox 1476 1484 1581 1510; x_wconf 90' lang='lat' dir='ltr'>suam</span> <span class='ocrx_word' id='word_1_180' title='bbox 1609 1472 1675 1509; x_wconf 85' lang='lat' dir='ltr'>ali-</span> 
     </span>
     <span class='ocr_line' id='line_1_20' title="bbox 203 1542 1675 1595; baseline -0.001 -13"><span class='ocrx_word' id='word_1_181' title='bbox 203 1557 314 1595; x_wconf 84' lang='lat' dir='ltr'>quam</span> <span class='ocrx_word' id='word_1_182' title='bbox 363 1543 623 1582; x_wconf 82' lang='lat' dir='ltr'>naumachiam</span> <span class='ocrx_word' id='word_1_183' title='bbox 666 1542 902 1593; x_wconf 74' lang='lat' dir='ltr'>desumpsit,</span> <span class='ocrx_word' id='word_1_184' title='bbox 948 1543 1133 1593; x_wconf 86' lang='lat' dir='ltr'>siquidem</span> <span class='ocrx_word' id='word_1_185' title='bbox 1169 1544 1327 1580; x_wconf 88' lang='lat' dir='ltr'>Seruius</span> <span class='ocrx_word' id='word_1_186' title='bbox 1366 1543 1478 1581; x_wconf 91' lang='lat' dir='ltr'>Ennii</span> <span class='ocrx_word' id='word_1_187' title='bbox 1515 1553 1675 1591; x_wconf 80' lang='lat' dir='ltr'>memor,</span> 
     </span>
     <span class='ocr_line' id='line_1_21' title="bbox 203 1612 1675 1665; baseline -0.001 -13"><span class='ocrx_word' id='word_1_188' title='bbox 203 1621 242 1652; x_wconf 84' lang='lat' dir='ltr'>ut</span> <span class='ocrx_word' id='word_1_189' title='bbox 269 1620 376 1665; x_wconf 75' lang='lat' dir='ltr'>puto,</span> <span class='ocrx_word' id='word_1_190' title='bbox 407 1613 505 1650; x_wconf 88' lang='lat' dir='ltr'>Aen.</span> <span class='ocrx_word' id='word_1_191' title='bbox 534 1612 566 1648; x_wconf 74' lang='lat' dir='ltr'>V</span> <span class='ocrx_word' id='word_1_192' title='bbox 596 1613 669 1650; x_wconf 75' lang='lat'>114</span> <span class='ocrx_word' id='word_1_193' title='bbox 697 1612 793 1650; x_wconf 85' lang='lat' dir='ltr'>haec</span> <span class='ocrx_word' id='word_1_194' title='bbox 816 1613 1027 1650; x_wconf 83' lang='lat' dir='ltr'>adnotauit:</span> <span class='ocrx_word' id='word_1_195' title='bbox 1057 1616 1196 1651; x_wconf 75' lang='lat' dir='ltr'>Punico</span> <span class='ocrx_word' id='word_1_196' title='bbox 1223 1616 1310 1651; x_wconf 75' lang='lat' dir='ltr'>bello</span> <span class='ocrx_word' id='word_1_197' title='bbox 1328 1618 1492 1662; x_wconf 73' lang='lat' dir='ltr'>primum</span> <span class='ocrx_word' id='word_1_198' title='bbox 1521 1627 1675 1652; x_wconf 79' lang='lat' dir='ltr'>nauma—</span> 
     </span>
     <span class='ocr_line' id='line_1_22' title="bbox 203 1686 1679 1732; baseline -0.001 -11"><span class='ocrx_word' id='word_1_199' title='bbox 203 1687 320 1722; x_wconf 75' lang='lat' dir='ltr'>chiam</span> <span class='ocrx_word' id='word_1_200' title='bbox 342 1687 392 1721; x_wconf 77' lang='lat' dir='ltr'>ad</span> <span class='ocrx_word' id='word_1_201' title='bbox 410 1686 622 1721; x_wconf 65' lang='lat' dir='ltr'>exercitium</span> <span class='ocrx_word' id='word_1_202' title='bbox 644 1687 827 1720; x_wconf 73' lang='lat' dir='ltr'>instituere</span> <span class='ocrx_word' id='word_1_203' title='bbox 844 1686 1004 1721; x_wconf 73' lang='lat' dir='ltr'>Romani</span> <span class='ocrx_word' id='word_1_204' title='bbox 1022 1691 1239 1732; x_wconf 72' lang='lat' dir='ltr'>coeperunt.-</span> <span class='ocrx_word' id='word_1_205' title='bbox 1262 1691 1451 1732; x_wconf 78' lang='lat' dir='ltr'>postquam</span> <span class='ocrx_word' id='word_1_206' title='bbox 1469 1686 1679 1732; x_wconf 80' lang='lat' dir='ltr'>probarunt</span> 
     </span>
     <span class='ocr_line' id='line_1_23' title="bbox 204 1756 1678 1803; baseline -0.001 -11"><span class='ocrx_word' id='word_1_207' title='bbox 204 1762 352 1792; x_wconf 68' lang='lat' dir='ltr'>exteras</span> <span class='ocrx_word' id='word_1_208' title='bbox 374 1761 497 1803; x_wconf 68' lang='lat' dir='ltr'>yeteles</span> <span class='ocrx_word' id='word_1_209' title='bbox 520 1757 626 1790; x_wconf 70' lang='lat' dir='ltr'>eliam</span> <span class='ocrx_word' id='word_1_210' title='bbox 649 1756 776 1789; x_wconf 70' lang='lat' dir='ltr'>nauali</span> <span class='ocrx_word' id='word_1_211' title='bbox 795 1758 994 1790; x_wconf 77' lang='lat' dir='ltr'>certamine</span> <span class='ocrx_word' id='word_1_212' title='bbox 1015 1758 1215 1802; x_wconf 73' lang='lat' dir='ltr'>plurimum</span> <span class='ocrx_word' id='word_1_213' title='bbox 1238 1766 1368 1802; x_wconf 78' lang='lat' dir='ltr'>posse:</span> <span class='ocrx_word' id='word_1_214' title='bbox 1399 1757 1449 1791; x_wconf 80' lang='lat' dir='ltr'>cccl</span> <span class='ocrx_word' id='word_1_215' title='bbox 1468 1767 1576 1802; x_wconf 77' lang='lat' dir='ltr'>quam</span> <span class='ocrx_word' id='word_1_216' title='bbox 1599 1766 1678 1791; x_wconf 85' lang='lat' dir='ltr'>rem</span> 
     </span>
     <span class='ocr_line' id='line_1_24' title="bbox 204 1822 1676 1875; baseline -0.001 -13"><span class='ocrx_word' id='word_1_217' title='bbox 204 1830 240 1862; x_wconf 74' lang='lat' dir='ltr'>in</span> <span class='ocrx_word' id='word_1_218' title='bbox 261 1828 329 1862; x_wconf 79' lang='lat' dir='ltr'>hoe</span> <span class='ocrx_word' id='word_1_219' title='bbox 349 1828 547 1862; x_wconf 73' lang='lat' dir='ltr'>certamine</span> <span class='ocrx_word' id='word_1_220' title='bbox 569 1826 706 1860; x_wconf 59' lang='lat' dir='ltr'>(alludis</span> <span class='ocrx_word' id='word_1_221' title='bbox 726 1828 849 1870; x_wconf 65' lang='lat' dir='ltr'>poeta.</span> <span class='ocrx_word' id='word_1_222' title='bbox 893 1823 998 1860; x_wconf 87' lang='lat' dir='ltr'>Haec</span> <span class='ocrx_word' id='word_1_223' title='bbox 1020 1824 1133 1872; x_wconf 84' lang='lat' dir='ltr'>igitur</span> <span class='ocrx_word' id='word_1_224' title='bbox 1154 1824 1291 1861; x_wconf 84' lang='lat' dir='ltr'>indicia</span> <span class='ocrx_word' id='word_1_225' title='bbox 1314 1836 1397 1860; x_wconf 89' lang='lat' dir='ltr'>eum</span> <span class='ocrx_word' id='word_1_226' title='bbox 1420 1822 1579 1862; x_wconf 90' lang='lat' dir='ltr'>Ennium</span> <span class='ocrx_word' id='word_1_227' title='bbox 1602 1826 1676 1875; x_wconf 88' lang='lat' dir='ltr'>pri-</span> 
     </span>
     <span class='ocr_line' id='line_1_25' title="bbox 204 1893 1677 1944; baseline 0.001 -13"><span class='ocrx_word' id='word_1_228' title='bbox 204 1906 301 1931; x_wconf 91' lang='lat' dir='ltr'>mum</span> <span class='ocrx_word' id='word_1_229' title='bbox 329 1893 473 1931; x_wconf 90' lang='lat' dir='ltr'>bellum</span> <span class='ocrx_word' id='word_1_230' title='bbox 492 1893 669 1930; x_wconf 91' lang='lat' dir='ltr'>Punicum</span> <span class='ocrx_word' id='word_1_231' title='bbox 689 1904 764 1929; x_wconf 89' lang='lat' dir='ltr'>non</span> <span class='ocrx_word' id='word_1_232' title='bbox 792 1894 943 1930; x_wconf 89' lang='lat' dir='ltr'>omnino</span> <span class='ocrx_word' id='word_1_233' title='bbox 969 1894 1277 1942; x_wconf 81' lang='lat' dir='ltr'>praetermisisse</span> <span class='ocrx_word' id='word_1_234' title='bbox 1311 1894 1590 1944; x_wconf 76' lang='lat' dir='ltr'>persuadeant,</span> <span class='ocrx_word' id='word_1_235' title='bbox 1624 1901 1677 1933; x_wconf 85' lang='lat' dir='ltr'>ta-</span> 
     </span>
     <span class='ocr_line' id='line_1_26' title="bbox 205 1960 1674 2010; baseline 0.001 -10"><span class='ocrx_word' id='word_1_236' title='bbox 205 1976 303 2010; x_wconf 60' lang='lat' dir='ltr'>men„</span> <span class='ocrx_word' id='word_1_237' title='bbox 323 1975 370 2000; x_wconf 90' lang='lat' dir='ltr'>ne</span> <span class='ocrx_word' id='word_1_238' title='bbox 389 1960 529 1999; x_wconf 88' lang='lat' dir='ltr'>Cicero</span> <span class='ocrx_word' id='word_1_239' title='bbox 552 1962 641 1999; x_wconf 87' lang='lat' dir='ltr'>nihil</span> <span class='ocrx_word' id='word_1_240' title='bbox 665 1962 808 1998; x_wconf 87' lang='lat' dir='ltr'>dixisse</span> <span class='ocrx_word' id='word_1_241' title='bbox 833 1962 1017 2010; x_wconf 70' lang='lat' dir='ltr'>uideatur,</span> <span class='ocrx_word' id='word_1_242' title='bbox 1039 1962 1128 2000; x_wconf 91' lang='lat' dir='ltr'>illud</span> <span class='ocrx_word' id='word_1_243' title='bbox 1151 1964 1353 2001; x_wconf 87' lang='lat' dir='ltr'>tenendum</span> <span class='ocrx_word' id='word_1_244' title='bbox 1375 1970 1431 2001; x_wconf 88' lang='lat' dir='ltr'>est</span> <span class='ocrx_word' id='word_1_245' title='bbox 1449 1964 1558 2002; x_wconf 90' lang='lat' dir='ltr'>huius</span> <span class='ocrx_word' id='word_1_246' title='bbox 1581 1964 1674 2002; x_wconf 89' lang='lat' dir='ltr'>belli</span> 
     </span>
     <span class='ocr_line' id='line_1_27' title="bbox 206 2030 1675 2082; baseline 0.002 -12"><span class='ocrx_word' id='word_1_247' title='bbox 206 2034 461 2070; x_wconf 84' lang='lat' dir='ltr'>narrationem</span> <span class='ocrx_word' id='word_1_248' title='bbox 499 2044 581 2069; x_wconf 90' lang='lat' dir='ltr'>cum</span> <span class='ocrx_word' id='word_1_249' title='bbox 623 2031 668 2069; x_wconf 90' lang='lat' dir='ltr'>ab</span> <span class='ocrx_word' id='word_1_250' title='bbox 700 2032 783 2068; x_wconf 89' lang='lat' dir='ltr'>aliis</span> <span class='ocrx_word' id='word_1_251' title='bbox 814 2030 929 2068; x_wconf 88' lang='lat' dir='ltr'>rebus</span> <span class='ocrx_word' id='word_1_252' title='bbox 957 2037 1031 2068; x_wconf 89' lang='lat' dir='ltr'>tum</span> <span class='ocrx_word' id='word_1_253' title='bbox 1060 2035 1286 2082; x_wconf 86' lang='lat' dir='ltr'>praesertim</span> <span class='ocrx_word' id='word_1_254' title='bbox 1315 2047 1335 2072; x_wconf 89' lang='lat' dir='ltr'>a</span> <span class='ocrx_word' id='word_1_255' title='bbox 1367 2035 1537 2073; x_wconf 88' lang='lat' dir='ltr'>secundo</span> <span class='ocrx_word' id='word_1_256' title='bbox 1569 2035 1675 2073; x_wconf 86' lang='lat' dir='ltr'>hello</span> 
     </span>
     <span class='ocr_line' id='line_1_28' title="bbox 207 2100 1678 2155; baseline 0.003 -16"><span class='ocrx_word' id='word_1_257' title='bbox 207 2102 347 2139; x_wconf 89' lang='lat' dir='ltr'>Punico</span> <span class='ocrx_word' id='word_1_258' title='bbox 367 2102 519 2139; x_wconf 88' lang='lat' dir='ltr'>multum</span> <span class='ocrx_word' id='word_1_259' title='bbox 539 2100 726 2138; x_wconf 86' lang='lat' dir='ltr'>breuitate</span> <span class='ocrx_word' id='word_1_260' title='bbox 746 2101 1006 2151; x_wconf 72' lang='lat' dir='ltr'>discrepasse.</span> <span class='ocrx_word' id='word_1_261' title='bbox 1031 2101 1167 2153; x_wconf 82' lang='lat' dir='ltr'>Neque</span> <span class='ocrx_word' id='word_1_262' title='bbox 1186 2104 1259 2142; x_wconf 86' lang='lat' dir='ltr'>hoe</span> <span class='ocrx_word' id='word_1_263' title='bbox 1278 2105 1326 2142; x_wconf 89' lang='lat' dir='ltr'>ita</span> <span class='ocrx_word' id='word_1_264' title='bbox 1344 2103 1586 2155; x_wconf 87' lang='lat' dir='ltr'>inprobabile</span> <span class='ocrx_word' id='word_1_265' title='bbox 1607 2110 1678 2145; x_wconf 85' lang='lat' dir='ltr'>est.</span> 
     </span>
     <span class='ocr_line' id='line_1_29' title="bbox 206 2170 1678 2226; baseline 0.003 -18"><span class='ocrx_word' id='word_1_266' title='bbox 206 2171 354 2208; x_wconf 86' lang='lat' dir='ltr'>Etenim</span> <span class='ocrx_word' id='word_1_267' title='bbox 383 2172 546 2221; x_wconf 86' lang='lat' dir='ltr'>aliquam</span> <span class='ocrx_word' id='word_1_268' title='bbox 577 2170 659 2207; x_wconf 82' lang='lat' dir='ltr'>libri</span> <span class='ocrx_word' id='word_1_269' title='bbox 691 2177 835 2220; x_wconf 85' lang='lat' dir='ltr'>partem</span> <span class='ocrx_word' id='word_1_270' title='bbox 864 2171 993 2209; x_wconf 83' lang='lat' dir='ltr'>tribuit</span> <span class='ocrx_word' id='word_1_271' title='bbox 1025 2174 1273 2223; x_wconf 77' lang='lat' dir='ltr'>prohoemio,</span> <span class='ocrx_word' id='word_1_272' title='bbox 1307 2177 1340 2212; x_wconf 89' lang='lat' dir='ltr'>in</span> <span class='ocrx_word' id='word_1_273' title='bbox 1365 2186 1439 2226; x_wconf 90' lang='lat' dir='ltr'>quo</span> <span class='ocrx_word' id='word_1_274' title='bbox 1465 2185 1540 2211; x_wconf 91' lang='lat' dir='ltr'>non</span> <span class='ocrx_word' id='word_1_275' title='bbox 1560 2186 1678 2224; x_wconf 88' lang='lat' dir='ltr'>parce</span> 
     </span>
     <span class='ocr_line' id='line_1_30' title="bbox 208 2241 1678 2293; baseline 0.003 -15"><span class='ocrx_word' id='word_1_276' title='bbox 208 2242 338 2289; x_wconf 82' lang='lat' dir='ltr'>egisse</span> <span class='ocrx_word' id='word_1_277' title='bbox 367 2241 486 2290; x_wconf 87' lang='lat' dir='ltr'>ipsius</span> <span class='ocrx_word' id='word_1_278' title='bbox 516 2245 656 2290; x_wconf 75' lang='lat' dir='ltr'>poetae</span> <span class='ocrx_word' id='word_1_279' title='bbox 690 2252 799 2290; x_wconf 87' lang='lat' dir='ltr'>quam</span> <span class='ocrx_word' id='word_1_280' title='bbox 831 2241 918 2278; x_wconf 89' lang='lat' dir='ltr'>alibi</span> <span class='ocrx_word' id='word_1_281' title='bbox 941 2243 1067 2279; x_wconf 89' lang='lat' dir='ltr'>notaui</span> <span class='ocrx_word' id='word_1_282' title='bbox 1092 2243 1276 2291; x_wconf 82' lang='grc' dir='ltr'><em>φιλαυτία</em></span> <span class='ocrx_word' id='word_1_283' title='bbox 1296 2245 1432 2293; x_wconf 81' lang='lat' dir='ltr'>arguit.</span> <span class='ocrx_word' id='word_1_284' title='bbox 1478 2244 1525 2281; x_wconf 90' lang='lat' dir='ltr'>Ni</span> <span class='ocrx_word' id='word_1_285' title='bbox 1546 2245 1678 2282; x_wconf 90' lang='lat' dir='ltr'>mirum</span> 
     </span>
     <span class='ocr_line' id='line_1_31' title="bbox 207 2310 1690 2362; baseline 0.003 -15"><span class='ocrx_word' id='word_1_286' title='bbox 207 2310 281 2347; x_wconf 90' lang='lat' dir='ltr'>hoc</span> <span class='ocrx_word' id='word_1_287' title='bbox 316 2312 415 2359; x_wconf 79' lang='lat' dir='ltr'>agit7</span> <span class='ocrx_word' id='word_1_288' title='bbox 460 2316 496 2347; x_wconf 89' lang='lat' dir='ltr'>ut</span> <span class='ocrx_word' id='word_1_289' title='bbox 537 2310 759 2347; x_wconf 85' lang='lat' dir='ltr'>obtrectans</span> <span class='ocrx_word' id='word_1_290' title='bbox 787 2310 922 2348; x_wconf 87' lang='lat' dir='ltr'>Naeuii</span> <span class='ocrx_word' id='word_1_291' title='bbox 959 2313 1091 2362; x_wconf 64' lang='lat' dir='ltr'>poesi‚</span> <span class='ocrx_word' id='word_1_292' title='bbox 1134 2324 1243 2362; x_wconf 89' lang='lat' dir='ltr'>quam</span> <span class='ocrx_word' id='word_1_293' title='bbox 1275 2313 1321 2351; x_wconf 91' lang='lat' dir='ltr'>ab</span> <span class='ocrx_word' id='word_1_294' title='bbox 1351 2313 1432 2351; x_wconf 91' lang='lat' dir='ltr'>rudi</span> <span class='ocrx_word' id='word_1_295' title='bbox 1463 2313 1690 2352; x_wconf 78' lang='lat' dir='ltr'>Faunorum</span> 
     </span>
     <span class='ocr_line' id='line_1_32' title="bbox 210 2380 1677 2431; baseline 0.004 -14"><span class='ocrx_word' id='word_1_296' title='bbox 210 2386 320 2417; x_wconf 84' lang='lat' dir='ltr'>cantu</span> <span class='ocrx_word' id='word_1_297' title='bbox 362 2381 443 2417; x_wconf 86' lang='lat' dir='ltr'>fere</span> <span class='ocrx_word' id='word_1_298' title='bbox 483 2392 556 2417; x_wconf 89' lang='lat' dir='ltr'>non</span> <span class='ocrx_word' id='word_1_299' title='bbox 596 2380 738 2418; x_wconf 85' lang='lat' dir='ltr'>distare</span> <span class='ocrx_word' id='word_1_300' title='bbox 780 2381 998 2431; x_wconf 71' lang='lat' dir='ltr'>praedicat,</span> <span class='ocrx_word' id='word_1_301' title='bbox 1038 2395 1104 2420; x_wconf 88' lang='lat' dir='ltr'>sua</span> <span class='ocrx_word' id='word_1_302' title='bbox 1135 2384 1267 2420; x_wconf 89' lang='lat' dir='ltr'>merita</span> <span class='ocrx_word' id='word_1_303' title='bbox 1296 2383 1470 2422; x_wconf 85' lang='lat' dir='ltr'>laudibus</span> <span class='ocrx_word' id='word_1_304' title='bbox 1503 2385 1677 2423; x_wconf 85' lang='lat' dir='ltr'>extollat.</span> 
     </span>
     <span class='ocr_line' id='line_1_33' title="bbox 209 2449 1679 2502; baseline 0.004 -15"><span class='ocrx_word' id='word_1_305' title='bbox 209 2449 267 2491; x_wconf 83' lang='lat' dir='ltr'>Cf,</span> <span class='ocrx_word' id='word_1_306' title='bbox 299 2449 557 2488; x_wconf 27' lang='lat'>221÷2262</span> <span class='ocrx_word' id='word_1_307' title='bbox 604 2451 638 2487; x_wconf 85' lang='lat' dir='ltr'>in</span> <span class='ocrx_word' id='word_1_308' title='bbox 679 2450 815 2500; x_wconf 83' lang='lat' dir='ltr'>quibus</span> <span class='ocrx_word' id='word_1_309' title='bbox 854 2451 955 2500; x_wconf 84' lang='lat' dir='ltr'>quod</span> <span class='ocrx_word' id='word_1_310' title='bbox 997 2452 1166 2490; x_wconf 83' lang='lat' dir='ltr'>editores</span> <span class='ocrx_word' id='word_1_311' title='bbox 1207 2453 1302 2490; x_wconf 84' lang='lat' dir='ltr'>haec</span> <span class='ocrx_word' id='word_1_312' title='bbox 1339 2464 1436 2502; x_wconf 85' lang='lat' dir='ltr'>quae</span> <span class='ocrx_word' id='word_1_313' title='bbox 1480 2460 1563 2492; x_wconf 83' lang='lat' dir='ltr'>sunt</span> <span class='ocrx_word' id='word_1_314' title='bbox 1596 2461 1679 2493; x_wconf 80' lang='lat' dir='ltr'>ante</span> 
     </span>
     <span class='ocr_line' id='line_1_34' title="bbox 208 2519 1675 2574; baseline 0.004 -18"><span class='ocrx_word' id='word_1_315' title='bbox 208 2523 303 2557; x_wconf 75' lang='lat' dir='ltr'>nunc</span> <span class='ocrx_word' id='word_1_316' title='bbox 341 2519 500 2557; x_wconf 88' lang='lat' dir='ltr'>Ennium</span> <span class='ocrx_word' id='word_1_317' title='bbox 540 2531 614 2557; x_wconf 89' lang='lat' dir='ltr'>non</span> <span class='ocrx_word' id='word_1_318' title='bbox 657 2521 703 2558; x_wconf 91' lang='lat' dir='ltr'>dc</span> <span class='ocrx_word' id='word_1_319' title='bbox 745 2533 785 2557; x_wconf 87' lang='lat' dir='ltr'>se</span> <span class='ocrx_word' id='word_1_320' title='bbox 830 2521 897 2558; x_wconf 90' lang='lat' dir='ltr'>sed</span> <span class='ocrx_word' id='word_1_321' title='bbox 937 2521 983 2558; x_wconf 90' lang='lat' dir='ltr'>de</span> <span class='ocrx_word' id='word_1_322' title='bbox 1016 2520 1164 2559; x_wconf 86' lang='lat' dir='ltr'>Naeuio</span> <span class='ocrx_word' id='word_1_323' title='bbox 1209 2522 1348 2560; x_wconf 84' lang='lat' dir='ltr'>efferre</span> <span class='ocrx_word' id='word_1_324' title='bbox 1394 2525 1535 2574; x_wconf 85' lang='lat' dir='ltr'>opinati</span> <span class='ocrx_word' id='word_1_325' title='bbox 1576 2532 1675 2574; x_wconf 83' lang='lat' dir='ltr'>sunt,</span> 
     </span>
     <span class='ocr_line' id='line_1_35' title="bbox 211 2587 1674 2644; baseline 0.005 -19"><span class='ocrx_word' id='word_1_326' title='bbox 211 2587 440 2626; x_wconf 86' lang='lat' dir='ltr'>Ciceronem</span> <span class='ocrx_word' id='word_1_327' title='bbox 479 2589 579 2626; x_wconf 90' lang='lat' dir='ltr'>Brut.</span> <span class='ocrx_word' id='word_1_328' title='bbox 618 2590 689 2638; x_wconf 48' lang='lat'>187</span> <span class='ocrx_word' id='word_1_329' title='bbox 729 2591 774 2628; x_wconf 80' lang='lat'>71</span> <span class='ocrx_word' id='word_1_330' title='bbox 820 2592 953 2628; x_wconf 87' lang='lat' dir='ltr'>neseio</span> <span class='ocrx_word' id='word_1_331' title='bbox 987 2603 1098 2641; x_wconf 84' lang='lat' dir='ltr'>quam</span> <span class='ocrx_word' id='word_1_332' title='bbox 1130 2592 1384 2640; x_wconf 84' lang='lat' dir='ltr'>incogitanter</span> <span class='ocrx_word' id='word_1_333' title='bbox 1414 2595 1674 2644; x_wconf 86' lang='lat' dir='ltr'>inspexerunt.</span> 
     </span>
     <span class='ocr_line' id='line_1_36' title="bbox 211 2658 1674 2712; baseline 0.006 -18"><span class='ocrx_word' id='word_1_334' title='bbox 211 2658 401 2695; x_wconf 89' lang='lat' dir='ltr'>Gloriatur</span> <span class='ocrx_word' id='word_1_335' title='bbox 441 2665 563 2696; x_wconf 86' lang='lat' dir='ltr'>autem</span> <span class='ocrx_word' id='word_1_336' title='bbox 594 2659 735 2697; x_wconf 88' lang='lat' dir='ltr'>Ennius</span> <span class='ocrx_word' id='word_1_337' title='bbox 777 2666 814 2697; x_wconf 84' lang='lat' dir='ltr'>et</span> <span class='ocrx_word' id='word_1_338' title='bbox 849 2661 930 2697; x_wconf 92' lang='lat' dir='ltr'>iure</span> <span class='ocrx_word' id='word_1_339' title='bbox 969 2660 1179 2709; x_wconf 76' lang='lat' dir='ltr'>gloriatur7</span> <span class='ocrx_word' id='word_1_340' title='bbox 1223 2662 1323 2712; x_wconf 86' lang='lat' dir='ltr'>quod</span> <span class='ocrx_word' id='word_1_341' title='bbox 1359 2664 1500 2712; x_wconf 91' lang='lat' dir='ltr'>primus</span> <span class='ocrx_word' id='word_1_342' title='bbox 1531 2664 1674 2703; x_wconf 87' lang='lat' dir='ltr'>heroos</span> 
     </span>
     <span class='ocr_line' id='line_1_37' title="bbox 213 2729 1671 2782; baseline 0.008 -20"><span class='ocrx_word' id='word_1_343' title='bbox 213 2738 344 2763; x_wconf 87' lang='lat' dir='ltr'>uersus</span> <span class='ocrx_word' id='word_1_344' title='bbox 379 2740 474 2777; x_wconf 89' lang='lat' dir='ltr'>quos</span> <span class='ocrx_word' id='word_1_345' title='bbox 515 2732 637 2777; x_wconf 70' lang='lat' dir='ltr'>Ionyos</span> <span class='ocrx_word' id='word_1_346' title='bbox 677 2730 819 2777; x_wconf 89' lang='lat' dir='ltr'>(utrum</span> <span class='ocrx_word' id='word_1_347' title='bbox 855 2729 929 2767; x_wconf 86' lang='lat' dir='ltr'>hoc</span> <span class='ocrx_word' id='word_1_348' title='bbox 964 2744 1062 2768; x_wconf 85' lang='lat' dir='ltr'>nexu</span> <span class='ocrx_word' id='word_1_349' title='bbox 1102 2744 1148 2770; x_wconf 88' lang='lat' dir='ltr'>an</span> <span class='ocrx_word' id='word_1_350' title='bbox 1180 2732 1268 2769; x_wconf 86' lang='lat' dir='ltr'>alibi</span> <span class='ocrx_word' id='word_1_351' title='bbox 1297 2744 1370 2770; x_wconf 90' lang='lat' dir='ltr'>non</span> <span class='ocrx_word' id='word_1_352' title='bbox 1400 2733 1556 2782; x_wconf 80' lang='lat' dir='ltr'>dirimo,</span> <span class='ocrx_word' id='word_1_353' title='bbox 1600 2735 1671 2774; x_wconf 90' lang='lat' dir='ltr'>inc.</span> 
     </span>
    </p>
   </div>
  </div>
 </body>
</html>
