1762 3057
185 191 264 233 138
689 196 1159 233 TRAGOEDIARVM

321 387 514 431 Eandem
542 400 608 428 me
640 385 680 428 in
713 385 999 444 suspitionem
1027 386 1206 430 sceleris
1238 387 1413 444 partiuit
1440 392 1574 446 pater.

319 554 426 597 Dein
453 552 572 596 Senis
600 567 668 596 me
692 553 835 597 faeere
866 553 1030 612 pietas,
1070 553 1227 597 ciuium
1258 554 1407 612 poscet
1435 555 1590 613 pudor.

202 727 281 765 370
319 722 463 764 Strata
490 726 631 765 terrae
663 721 810 766 lauere
837 723 1040 767 lacrumis
1072 722 1240 766 uestem
1266 723 1463 782 squalam
1490 724 1532 766 et
1557 723 1661 767 Sor-

1061 791 1217 835 didam.

644 935 699 979 e'x
730 950 782 980 eo
813 936 1006 980 futurum
1033 937 1297 981 abnuebunt.

767 1072 1074 1117 TELEPHVS

318 1235 521 1294 Regnum
553 1237 706 1298 reliqui
736 1240 916 1299 saeptus
948 1241 1133 1285 mendici
1162 1240 1287 1285 stola.

316 1401 502 1447 Caedem
543 1419 678 1449 caneo
728 1406 810 1451 hoo
851 1408 949 1452 oum
1000 1407 1180 1461 uestitu,
1240 1407 1439 1467 squalida
1478 1408 1658 1466 saeptus

1063 1475 1188 1520 stola.

179 1603 269 1634 clara
296 1610 343 1634 est
373 1604 425 1635 uel
455 1605 576 1636 clareat
686 1607 814 1638 Ennius
836 1607 1017 1637 Telamone
1046 1607 1114 1637 ...¹
1212 1607 1274 1638 YII
1303 1607 1430 1639 Nonius
1458 1618 1491 1650 p.
1514 1608 1593 1646 475,
1615 1609 1658 1640 24

179 1651 381 1690 *partiret
426 1661 486 1691 pro
520 1652 701 1692 partiretur
842 1653 968 1684 Ennius
1000 1653 1180 1684 Telamone
1213 1677 1219 1683 .
1246 1678 1252 1684 .
1277 1654 1303 1684 .’
1411 1655 1490 1685 VIII
1527 1653 1656 1685 Nonius

177 1705 209 1736 p.
233 1695 309 1733 160,
331 1697 350 1727 5
378 1702 448 1737 ‘po
460 1707 474 1727 1·
485 1702 546 1728 eet
568 1697 733 1739 signifieat
754 1699 912 1741 prohibet
1006 1700 1133 1730 Ennius
1152 1699 1332 1731 Telamone
1354 1724 1382 1731 ..
1396 1701 1422 1731 .’
1519 1700 1565 1730 IX
1592 1700 1658 1731 ‘No-

177 1742 251 1772 nius
282 1752 314 1783 p.
338 1742 414 1780 172,
440 1741 480 1774 19
515 1744 741 1783 ‘squalam⁷
779 1745 1023 1787 (squalem‚
1050 1756 1220 1788 superscr.
1250 1757 1289 1784 a,
1319 1745 1381 1786 W)
1421 1750 1501 1788 ‘pro
1530 1746 1657 1786 squali-

177 1787 266 1818 dam.
314 1788 441 1819 Ennius
460 1789 642 1821 Telamone
667 1792 737 1821 ...'
784 1792 875 1823 Idem
901 1802 935 1833 p⁴
965 1792 1043 1829 5042.
1074 1793 1094 1823 4
1129 1793 1295 1823 ‘lauere
1322 1792 1400 1824 inde
1428 1798 1568 1824 tractum
1595 1798 1655 1824 est.

179 1834 306 1864 Ennius
336 1834 517 1866 Telamone
548 1837 617 1866 ...'
712 1837 743 1868 X
771 1838 952 1869 Diomedes
986 1839 997 1868 Ι
1027 1848 1060 1879 p.
1083 1837 1149 1870 378
1168 1838 1203 1869 Ρ.
1241 1845 1376 1870 *uerum
1406 1839 1498 1881 apud
1528 1845 1657 1871 ueteres

180 1885 209 1910 et
232 1880 394 1912 abnueo
417 1881 543 1912 dietum
563 1887 782 1921 annotamus,
808 1890 841 1914 nt
860 1884 988 1915 Ennius
1011 1890 1129 1916 ovtauo
1152 1885 1323 1916 annalium
1347 1884 1423 1927 [IX]
1447 1886 1526 1917 item
1546 1886 1580 1916 in
1594 1885 1656 1917 Te-

177 1926 308 1957 lamone
332 1927 400 1957 ...’
436 1928 562 1969 (item
584 1929 623 1959 in
644 1929 914 1961 Telamonem
933 1931 1007 1961 Par.
1031 1941 1060 1961 a.
1083 1931 1180 1962 item
1198 1931 1237 1961 in
1260 1931 1549 1970 Telamonem,
1571 1941 1654 1963 corr.

177 1972 302 2010 idem,
330 1973 404 2003 Par.
427 1972 466 2014 b)

224 2018 417 2049 TELEPHVS
468 2020 481 2050 I
509 2019 636 2051 Nonius
657 2031 690 2062 p.
716 2020 794 2060 537,
816 2021 859 2053 26
888 2024 895 2037 ‘
910 2021 1063 2052 stolam
1087 2028 1216 2053 ueteres
1236 2032 1300 2053 non
1324 2022 1501 2054 honestam
1526 2028 1654 2055 uestem

179 2063 286 2094 solum
300 2089 307 2101 ,
328 2065 388 2096 sed
406 2066 505 2096 etiam
527 2076 677 2103 omnem,
707 2078 791 2107 quae
813 2077 935 2109 eorpus
956 2072 1094 2110 tegeret.
1138 2068 1266 2099 Ennius
1286 2068 1402 2099 Telefo
1426 2067 1485 2110 [II]
1513 2069 1604 2101 idem
1623 2070 1656 2100 in

179 2110 314 2141 eadem:
340 2112 497 2153 regnum'
520 2122 548 2143 e.
575 2123 605 2151 q.
631 2124 657 2143 s.
756 2114 783 2144 ΙΙ
811 2113 938 2144 Nonius
959 2124 992 2156 p.
1015 2112 1092 2151 537,
1113 2115 1155 2145 27
1175 2114 1239 2155 (cf.
1262 2112 1294 2154 Ι)
1332 2115 1449 2146 Festus
1467 2126 1501 2158 p.
1524 2115 1592 2148 329
1609 2115 1654 2146 Μ.

235 2230 304 2265 368
337 2228 582 2273 suspitionem
608 2227 646 2263 0.
664 2228 893 2264 Ribbeckins.
920 2231 1173 2276 suspicionem
1196 2230 1278 2265 libri
1389 2233 1458 2269 369
1489 2231 1574 2265 dein
1600 2243 1656 2266 se-

178 2284 234 2318 nis
258 2295 314 2317 me
341 2285 380 2319 G.
403 2284 653 2319 Hermannus.
678 2285 787 2320 deum
810 2297 866 2320 me
890 2287 995 2321 sentit
1017 2287 1107 2326 libri,
1139 2289 1242 2321 etiam
1266 2287 1397 2322 Bamb.
1412 2315 1419 2329 ‚
1451 2287 1568 2333 ‘quod
1588 2289 1656 2323 uia·

177 2339 327 2385 defendi
338 2350 450 2386 posse
469 2342 744 2387 interpretando
766 2340 944 2377 8011111131Ἰ
968 2347 1084 2378 monet
1103 2342 1140 2377 0.
1159 2343 1376 2378 Ribbeck-ius
1490 2345 1558 2380 370
1578 2348 1654 2378 trae

177 2406 366 2441 ευμεν-εον.
396 2408 435 2431 er
457 2396 558 2431 Leicl.
583 2409 626 2443 J)-
651 2400 728 2435 172.
769 2403 864 2432 terra
886 2400 1018 2434 Bctmb.
1046 2399 1148 2434 Leicl.
1169 2411 1213 2445 p.
1237 2403 1305 2436 504
1420 2400 1543 2433 labere
1572 2399 1657 2434 libri

171 2464 213 2497 p.
245 2455 313 2489 504
428 2453 588 2487 lacrimis
619 2453 700 2488 libri
730 2466 772 2500 p.
798 2456 863 2491 172
980 2457 1145 2501 squalem
1190 2456 1239 2490 W
1259 2467 1302 2501 p.
1333 2457 1413 2492 172.
1445 2455 1653 2500 squalidam

177 2508 259 2542 libri
270 2520 313 2554 p.
336 2512 404 2545 504
517 2511 584 2546 371
619 2511 830 2546 abnuebnnt
850 2511 943 2545 Par.
969 2523 991 2546 a
1014 2511 1033 2546 b
1055 2511 1139 2555 (secl
1158 2513 1194 2546 in
1215 2511 1284 2546 lzoc
1306 2523 1327 2546 u
1348 2511 1500 2546 (illerum
1521 2522 1568 2544 m.
1589 2512 1653 2546 all.

177 2565 212 2597 in
230 2566 340 2607 rasa).
363 2566 572 2600 abnuebant
587 2566 693 2612 mclyo
807 2569 874 2604 372
897 2571 1047 2613 saeptus
1068 2567 1107 2602 O.
1126 2566 1354 2603 Ribbeckius.
1372 2571 1498 2611 septus
1515 2567 1599 2601 libri

236 2620 394 2655 mendici
415 2620 632 2667 Leopardus
652 2622 805 2657 Emend.
843 2622 947 2658 VIII
960 2627 1017 2661 24.
1043 2623 1178 2658 medici
1206 2623 1288 2658 libri
1399 2624 1468 2659 373
1497 2622 1650 2658 eaedem

179 2686 294 2709 eaueo
324 2676 394 2711 hoe
424 2688 507 2711 eum
537 2678 670 2712 uestitu
706 2678 746 2713 Ο.
777 2678 1007 2715 Ribbeckius.
1048 2679 1140 2714 cedo
1173 2671 1351 2713 ffleaueo
1383 2689 1463 2712 eum
1496 2680 1650 2714 uestitus

180 2731 329 2766 Nonius.
361 2743 470 2777 quam
501 2744 544 2767 ue
577 2759 783 2769 ..........
807 2735 949 2771 Festus.
983 2735 1139 2771 caedem
1159 2745 1276 2770 caueo
1299 2734 1432 2770 uestitu
1454 2733 1595 2770 Geelius

235 2791 360 2833 septus
384 2788 514 2822 Bamb-
