1762 3057
700 190 1021 235 RELIQVIAE
1550 184 1602 225 21

824 301 888 346 IV

258 380 305 426 Si
331 380 433 442 quid
461 396 530 427 me
559 381 690 428 fuerit
715 381 964 427 humanitus
992 384 1038 428 ut
1066 382 1249 428 teneatis

818 470 861 514 V
880 470 900 494 *

671 549 819 595 Mettoi
843 549 877 594 F
880 550 1045 595 ubettoi

809 639 872 685 VI
892 639 912 662 *

143 724 220 764 130
259 754 268 763 .
342 752 352 762 .
425 752 434 762 .
508 717 708 778 quianam
738 719 940 778 legiones
969 721 1190 765 caedimus
1221 721 1338 764 ferro

257 887 419 949 Ingens
447 890 595 934 curast
622 888 702 933 mis
731 889 1020 934 concordibus
1047 889 1345 950 aequiperare.

809 979 909 1024 VIII

256 1057 310 1103 Et
341 1057 470 1102 simul
500 1057 676 1116 effugit,
715 1072 867 1116 speres
894 1059 953 1104 ita
979 1058 1173 1103 funditus
1204 1063 1381 1105 nostras

258 1227 340 1283 Qui
369 1228 486 1272 ferro
515 1225 712 1272 minitere
744 1230 875 1288 atque
906 1228 948 1272 in
979 1233 1022 1273 te
1054 1228 1264 1288 ningulus

119 1364 199 1399 nati,
227 1363 259 1393 in
281 1362 483 1402 quibusdam
506 1366 669 1402 apparent
693 1355 818 1403 ἔτυμα,
847 1369 881 1393 ut
903 1372 986 1403 quor
1005 1363 1047 1394 sit
1069 1363 1231 1394 Martialis
1253 1368 1283 1393 et
1299 1361 1502 1399 Quirinalis:
1529 1367 1605 1392 sunt

120 1410 151 1441 in
173 1409 294 1449 quibus
316 1409 486 1439 flaminum
508 1408 767 1448 cognominibus
788 1408 890 1440 latent
910 1410 1071 1451 origines,
1100 1415 1131 1439 ut
1153 1410 1183 1440 in
1203 1409 1255 1439 his
1276 1409 1332 1449 qui
1352 1414 1424 1439 sunt
1448 1407 1604 1438 uersibus

120 1456 290 1498 plerique:
318 1454 570 1485 Volturnalem’
602 1466 630 1485 e..
654 1465 684 1494 q.
709 1465 735 1485 s.
781 1459 885 1495 ‘quae
906 1456 1047 1486 obseura
1067 1461 1153 1486 sunt.
1200 1455 1323 1486 Eorum
1353 1455 1446 1496 origo
1468 1454 1604 1485 Voltur-

120 1512 201 1539 nus,
229 1502 309 1533 (lina
329 1501 488 1532 Palatua.
523 1500 724 1535 Furrina,
753 1501 871 1535 Flora.
904 1502 1041 1533 Falacer
1061 1508 1175 1543 pater,
1207 1501 1379 1532 Pomona.’
1424 1501 1522 1531 Ennii
1546 1500 1603 1530 he,-

120 1558 195 1579 roos
228 1548 364 1590 agnouit
394 1548 431 1577 0.
463 1545 655 1577 Muellerus.
703 1547 832 1578 lambos
863 1554 1040 1579 scazontas
1077 1548 1155 1578 olim
1184 1548 1400 1579 constituerat
1426 1547 1604 1577 Turnebus

121 1593 339 1639 Adtuxxtlt
365 1593 406 1625 16
503 1593 544 1622 lv
574 1593 690 1623 Festus
711 1603 745 1634 p.
767 1593 889 1625 16131.
930 1602 979 1625 'm
991 1606 1008 1624 e
1038 1604 1098 1635 pro
1123 1593 1203 1624 mihi
1231 1594 1388 1625 dicebant
1417 1593 1543 1633 antiqui
1571 1597 1605 1622 ut

120 1641 245 1672 Ennius
274 1650 349 1670 eum
379 1640 424 1669 nit
453 1638 472 1668 l.
499 1639 522 1668 ll
545 1662 551 1667 .
577 1662 583 1668 .
608 1639 628 1669 .'
670 1639 776 1670 Vsum
799 1641 1020 1680 syntaeticum
1045 1646 1134 1671 notat
1153 1641 1415 1681 grammaticus,
1451 1649 1515 1670 non
1536 1638 1603 1669 for—

120 1697 207 1717 mam
222 1686 431 1728 pronominis
447 1694 453 1714 :
478 1684 567 1723 quod
582 1684 619 1715 t).
638 1685 834 1716 Muellerum
851 1686 972 1717 fefellit
1068 1686 1095 1716 V
1120 1686 1346 1723 Quintilianus
1362 1686 1375 1716 I
1391 1686 1423 1723 5,
1442 1686 1483 1716 12
1506 1685 1603 1715 ‘duos

118 1735 150 1764 in
179 1742 243 1763 uno
272 1732 405 1763 nomine
436 1730 581 1761 faciebat
612 1731 842 1763 barbarismos
868 1732 972 1763 Tinea
1002 1731 1214 1763 Placentinus
1247 1756 1253 1762 .
1280 1756 1287 1762 .
1312 1756 1318 1762 .
1348 1730 1520 1773 preculam
1542 1740 1602 1772 pro

119 1779 260 1821 pergula
286 1779 401 1809 dit-ens
428 1801 434 1807 .
461 1801 467 1806 .
493 1801 498 1806 .
532 1782 563 1806 at
592 1777 622 1807 in
653 1777 769 1808 eadem
798 1779 874 1809 uitii
900 1778 1127 1820 geminatione
1148 1778 1178 1809 M
1191 1778 1298 1809 ettoi
1318 1777 1522 1809 Fnbettoi
1552 1777 1603 1807 di-

119 1835 197 1856 cens
217 1825 344 1856 Ennius
373 1823 505 1866 poetico
537 1823 607 1853 iure
637 1822 851 1855 defenditur!
950 1825 993 1855 Vl
1022 1825 1161 1855 Seruius
1191 1825 1222 1854 in
1250 1825 1335 1855 Aen.
1363 1822 1431 1855 X6
1463 1823 1602 1863 ‘quia-

118 1882 228 1906 nam,
253 1881 331 1909 eur,
355 1879 470 1910 quare.
511 1869 682 1900 Ennianus
704 1880 813 1901 sermo
835 1876 903 1901 est:
934 1871 1112 1910 quianam’
1141 1881 1169 1901 c.
1188 1881 1219 1910 q.
1235 1880 1262 1901 s.
1302 1870 1372 1901 Hoc
1395 1869 1468 1900 loco
1492 1869 1604 1910 posuit

119 1917 247 1949 Merula
345 1917 405 1947 VII
432 1915 624 1973 Prisc-iginus
651 1915 729 1946 XllI
757 1927 790 1958 p.
818 1916 886 1949 955
915 1917 949 1947 1‘.
981 1918 1013 1958 (I
1043 1927 1077 1958 Ι)
1100 1916 1164 1948 561
1193 1914 1252 1957 Κ.)
1280 1916 1378 1947 ‘mis
1410 1916 1453 1946 tis
1484 1915 1531 1946 sis
1558 1933 1603 1937 —

118 1978 244 2009 Ennius
273 1978 304 2008 in
336 1978 363 2008 ll
396 2001 403 2008 .
431 2001 437 2007 .
462 1978 481 2007 .’
514 1979 562 2017 (ll
592 1975 696 2019 Reg.)
792 1977 869 2007 Vlll
905 1977 1021 2007 Festus
1048 1988 1081 2019 p.
1104 1976 1171 2009 333
1193 1977 1236 2008 Μ.
1275 1980 1444 2018 ‘speres
1474 1976 1604 2015 antiqui

119 2024 294 2066 pluraliter
322 2023 495 2058 dicebant.
530 2029 563 2054 ut
581 2024 705 2054 Ennius
730 2023 750 2053 l.
770 2025 794 2054 ll
829 2047 834 2053 .
858 2047 864 2053 .
890 2024 908 2053 .’
1006 2023 1053 2054 IX
1079 2024 1195 2054 Festus
1215 2033 1249 2065 p.
1271 2022 1334 2054 177
1352 2022 1395 2053 M.
1428 2022 1602 2063 ‘nIngu-

119 2070 203 2104 lus,
237 2069 369 2104 nullus,
402 2076 433 2099 ut
457 2070 581 2100 Ennius
606 2069 628 2099 l.
650 2070 697 2100 11:
728 2070 783 2110 qui
810 2069 833 2100 s.
858 2080 899 2099 m.
923 2075 1022 2108 atque
1042 2070 1075 2101 in
1098 2075 1129 2100 te
1156 2069 1310 2100 ninculus
1330 2068 1456 2099 mederi
1478 2069 1600 2107 (Ιιιεὶιί.1

119 2117 242 2147 Paulus
264 2126 297 2157 p.
325 2117 386 2148 176
406 2115 449 2146 Μ.
479 2115 732 2157 ⁴ningnlus.
762 2115 884 2146 nullus.
928 2115 1072 2147 Marcius
1095 2122 1205 2147 uates:
1234 2126 1274 2147 ne
1295 2114 1453 2157 ningulus
1475 2114 1601 2145 mederi

178 2257 242 2291 128
263 2264 320 2288 me
340 2254 450 2288 fuerit
470 2255 591 2300 uulgo.
631 2253 789 2289 mutierit
811 2253 890 2288 cod.
914 2257 1062 2289 [electore
1085 2253 1136 2288 Η.
1158 2253 1277 2289 Keilio
1300 2255 1321 2288 l.
1346 2255 1367 2288 I.
1383 2265 1425 2299 p.
1448 2256 1513 2290 621

175 2312 240 2347 129
262 2310 579 2354 MettoiFuheuoi]
606 2311 657 2356 cf.
673 2310 834 2356 ‘populoi
843 2309 1045 2344 Romanoi'
1064 2309 1187 2345 Mario
1208 2310 1388 2345 Victorino
1398 2311 1544 2354 p.2463
1554 2308 1598 2343 P.

117 2369 180 2407 (19
199 2366 262 2405 G.)
283 2369 454 2401 notatum.
488 2367 586 2400 metti
600 2378 665 2400 .eo
698 2371 733 2400 et
764 2366 899 2399 suuetio
933 2377 977 2400 eo
999 2365 1165 2400 Ambros.
1199 2370 1305 2411 (post
1327 2366 1425 2399 metti
1449 2375 1523 2399 una
1544 2365 1599 2398 lit—

116 2426 195 2457 tera
215 2432 324 2457 erasa
339 2451 346 2464 ‚
376 2433 420 2456 eo
443 2427 477 2456 et
497 2426 531 2457 et
549 2423 703 2457 alterum
726 2434 769 2456 eo
794 2432 838 2455 m.
861 2422 944 2463 alt.)
967 2426 1002 2456 et
1031 2422 1102 2456 tieo
1124 2422 1272 2456 suseclio
1291 2433 1334 2455 eo
1356 2421 1478 2455 Turio.
1506 2424 1599 2454 mel-

117 2479 188 2513 tieo
225 2477 420 2514 suffectieo
462 2490 505 2513 eo
540 2478 667 2513 Lassb.
712 2477 870 2512 Metioeo
910 2477 1100 2511 Fufetioeo
1151 2477 1191 2515 G,
1229 2477 1468 2511 Hermannus
1498 2476 1601 2521 apud

116 2534 165 2569 H.
189 2533 381 2582 Meyerzcm
527 2537 592 2571 131
625 2545 714 2569 cura
742 2533 824 2568 libri
938 2543 1021 2568 cum
1042 2533 1106 2579 (ορ
1122 2532 1327 2574 Halbersc.)
1350 2532 1599 2567 concordibus

117 2590 200 2625 libri
315 2592 448 2637 ingens
482 2602 571 2626 eura
602 2590 692 2625 mihi
720 2587 969 2624 concordibus
991 2588 1157 2635 Scaliyer
1184 2589 1286 2634 apud
1303 2588 1487 2623 Merulam

118 2664 361 2710 aequiperare
384 2664 468 2699 libri
480 2664 661 2710 plerique.
695 2645 896 2708 acquipaiiz
915 2660 1027 2707 Sany.
1122 2660 1178 2694 An
1195 2659 1401 2695 concordes
1420 2661 1598 2707 aequipe-

118 2723 228 2755 rare?
259 2720 309 2766 ef.
330 2720 549 2755 Ritseheliees
568 2720 670 2755 Prol.
693 2719 724 2753 T
723 2720 794 2753 rin.
811 2729 853 2764 p.
874 2715 1096 2752 LXXXIII
1108 2726 1160 2762 sq.
1183 2721 1217 2751 ei
1235 2716 1274 2752 Ο.
1291 2716 1509 2753 Ribbeclcius
1525 2717 1598 2752 Pa-

118 2786 200 2813 cuu.
220 2778 292 2811 inc.
310 2777 388 2824 fab.
400 2775 541 2812 XLIII
655 2778 720 2813 132
746 2775 857 2822 Vulyo
877 2774 975 2809 deest
988 2774 1228 2820 interpunctio
1344 2775 1411 2811 133
1429 2774 1502 2809 inte
1517 2775 1595 2810 cod.
