1762 3057
639 202 943 239 ENNIANAE
1395 208 1522 236 xm'u

52 327 184 361 eausa,
214 318 298 363 quia
324 327 404 351 eum
428 317 566 351 Latinis
596 316 774 351 rebellare
805 316 1001 349 noluissem
1103 315 1231 348 viminis
1251 314 1327 347 sine
1347 313 1527 358 suffragio

51 389 150 423 dala.
212 384 288 422 Sed
328 384 435 421 inde>
457 396 503 421 uc
540 384 647 421 nimis
686 389 794 420 certo
839 382 933 419 hanc
974 382 1188 429 fragmento
1222 380 1271 417 IV
1303 380 1434 418 sedem
1464 381 1525 418 ad-

52 456 206 505 signes,
261 454 464 505 prohibent
516 454 612 491 haec
651 452 742 490 Liuii
789 465 810 489 e
856 452 952 489 libro
991 450 1116 489 XXIII
1154 449 1197 487 31
1249 451 1369 489 uerba
1410 458 1443 489 el
1484 454 1528 488 de

52 530 219 564 trecentis
248 528 422 574 equilibus
450 528 664 573 Campanis,
694 528 758 571 qni
787 528 821 560 in
856 526 979 560 Sicilia
1009 536 1093 559 (rum
1120 524 1193 570 fille
1218 524 1404 569 stipendiis
1433 534 1509 558 eme

52 601 130 634 ritis
163 599 313 633 Romam
344 602 541 640 uenerant,
583 598 693 631 latum
723 597 772 630 ml
794 597 993 641 populum,
1030 599 1065 629 nl
1094 596 1193 629 ciues
1225 594 1385 628 Romani
1412 599 1529 629 essen!

54 666 108 717 (a.
139 679 173 703 u.
206 678 238 703 c.
270 664 413 714 537).·
446 664 588 700 Verum
630 675 676 700 ue
713 663 806 700 [ides
849 663 1000 713 quidem
1040 662 1225 712 probatur
1258 663 1344 700 mihi
1377 675 1526 707 uersus„

54 749 165 787 quem
200 747 269 787 pro
309 733 509 784 spondiaci
549 734 728 784 exemplo
770 733 932 784 procliui
964 744 1083 783 opera
1121 731 1356 770 Censorinus
1390 734 1525 781 fragm.

53 818 86 844 c.
125 807 168 843 14
197 817 232 856 p.
267 804 318 843 93
350 804 459 841 Jahn.
495 804 682 853 eflingere
718 803 856 854 potuit:
889 809 926 840 ut
951 802 1160 840 Diomedes
1194 803 1341 840 eflinxit
1372 815 1407 852 p.
1432 803 1525 839 494.

53 876 133 913 495
166 875 205 913 P.
268 873 350 912 Nec
390 885 483 912 uero
526 875 693 912 relicuos
725 888 773 912 ex
803 874 877 912 hoc
909 887 1055 923 genere
1087 886 1244 920 uersus7
1285 883 1382 922 quos
1416 883 1526 909 nemo

55 951 215 982 testatus
257 950 316 982 est
348 943 456 981 Ennii
502 957 611 993 esse,
665 946 709 983 ad
751 947 847 983 huuc
887 950 1038 995 poetam
1077 944 1316 981 confidenter
1355 940 1528 984 ascribo;

56 1021 211 1066 praeter
239 1028 349 1053 111111111
383 1015 419 1063 (Ι
442 1016 486 1053 l'r.
515 1015 683 1067 XXXI),
718 1028 829 1067 quem
854 1015 898 1053 ad
921 1028 1027 1053 suum
1050 1021 1245 1052 auctorem
1271 1012 1408 1050 Atilius
1435 1011 1528 1049 For-

56 1087 269 1124 tunatiauus
319 1098 355 1136 p.
401 1085 499 1123 2691
550 1086 588 1123 Ρ.
631 1086 733 1135 (340
776 1086 841 1135 G.)
884 1084 1040 1122 rettulit.
1104 1085 1180 1122 Sed
1216 1085 1267 1122 illi
1311 1082 1527 1129 Censorini7

58 1156 159 1206 quod
196 1155 241 1193 ad
272 1155 465 1193 Ennianos
499 1155 686 1193 admissus
719 1161 799 1198 estq
846 1155 948 1192 fauet
975 1167 1049 1191 non
1078 1155 1191 1202 nihit,
1233 1154 1333 1205 quod
1366 1153 1529 1202 Vei-gilii

57 1225 301 1275 Lucretiique
344 1226 521 1264 uersibus
577 1227 712 1263 tertius
762 1225 934 1262 adiectus
984 1231 1053 1262 est.
1135 1225 1191 1262 De
1239 1225 1453 1273 fragmento
1497 1224 1529 1260 V

57 1297 176 1334 reicio
207 1308 304 1333 nunc
336 1296 491 1345 Ilbergii
523 1304 559 1335 et
596 1308 737 1333 nwsstn.
773 1308 882 1345 quam
915 1295 1004 1332 olim
1037 1294 1217 1344 probaui,
1253 1296 1525 1339 coniecturam,

57 1366 248 1404 Romanos
279 1367 486 1415 significari
521 1368 553 1403 iu
584 1366 740 1404 furculis
765 1365 944 1403 Caudinis
972 1365 1041 1402 sub
1073 1366 1161 1413 iugo
1195 1371 1395 1402 exeuntes.
1451 1364 1531 1401 Nec

55 1438 152 1474 euim
186 1437 339 1487 placent
372 1437 660 1475 clacrimantes’
689 1436 826 1473 milites
853 1436 1031 1481 Romaui2
1070 1436 1267 1486 placerent
1299 1441 1529 1483 maerentes,

57 1507 388 1545 obmutescentes:
442 1507 684 1544 lacrimantes
730 1506 905 1543 uidentur
948 1506 1127 1544 mulieres
1171 1507 1298 1556 potius
1340 1506 1528 1555 liberique

56 1583 300 1628 expugnatae
330 1578 463 1614 nescio
493 1578 598 1614 euius
629 1576 733 1613 urhis
766 1576 968 1614 nominari:
1015 1577 1219 1626 displicent
1251 1578 1362 1614 etiam
1394 1578 1529 1614 ‘mise-

58 1651 210 1684 rantes’
244 1647 306 1685 illa
334 1647 542 1683 occasione
576 1647 786 1691 Samnites,
833 1658 930 1694 quos
963 1646 1088 1684 Liuius
1117 1647 1168 1684 IX
1197 1650 1220 1684 ti
1255 1648 1380 1698 prodit
1415 1660 1434 1684 a
1467 1649 1530 1684 mi-

57 1718 250 1754 seratione
292 1717 441 1765 lougius
481 1716 637 1753 afuisse.
700 1715 874 1765 Denique
907 1717 1074 1754 incertus
1109 1717 1251 1755 haereo
1287 1718 1334 1755 de
1367 1717 1529 1758 duobnsq

57 1787 120 1836 qui
149 1792 318 1833 restant„
360 1787 563 1824 uersiculis
587 1785 638 1822 vt
671 1791 707 1822 et
743 1785 831 1822 vll:
876 1798 1035 1835 (piorum
1067 1788 1131 1825 ille
1164 1788 1211 1825 de
1244 1789 1530 1837 oppugnatione

58 1856 189 1906 oppidi
220 1856 398 1894 effertur:
431 1868 655 1907 quamquam
679 1855 779 1905 quod
805 1856 985 1905 oppidum
1011 1857 1131 1895 (liram
1161 1870 1250 1908 prae
1275 1858 1358 1895 aliis
1383 1860 1528 1895 nescio.

57 1927 121 1964 Sic
150 1932 299 1976 potest,
333 1928 509 1976 quoniam
541 1927 588 1964 de
612 1926 828 1963 Samniticis
862 1925 974 1963 bellis
1005 1927 1037 1962 in
1070 1926 1143 1964 hoc
1175 1927 1272 1964 libro
1306 1929 1450 1975 agitur,
1485 1929 1528 1965 ad

57 1995 239 2033 Luceriae
278 1998 625 2047 expuguatioueim
670 2008 778 2047 quam
810 1995 937 2032 Liuius
977 1995 1063 2033 vul
1100 1998 1143 2035 13
1186 2000 1373 2045 narrauit„
1417 2000 1530 2048 perti-

58 2078 164 2104 nere.
226 2068 397 2117 Septimo
424 2067 571 2105 Merula
606 2068 741 2105 lluineu
772 2066 880 2103 Lirim
913 2072 950 2103 et
980 2066 1133 2115 urben„
1175 2080 1285 2117 quam
1317 2075 1529 2119 percurrat„

58 2136 263 2174 Minturnas
303 2138 509 2187 significari
551 2136 748 2175 censebat.
812 2136 868 2173 Ac
905 2136 952 2174 de
985 2137 1079 2181 Liri„
1125 2138 1230 2175 cuius
1263 2139 1297 2175 in
1330 2139 1403 2176 hoc
1434 2139 1530 2176 libro

58 2207 257 2257 multiplex
296 2220 384 2245 esse
425 2209 736 2246 commemoratio
781 2209 900 2257 potuit
939 2207 1013 2253 (cf.
1048 2206 1278 2245 Niebuhrius
1317 2210 1350 2246 in
1384 2209 1530 2246 scholis

59 2277 291 2314 academicis
317 2278 364 2315 de
395 2278 633 2328 geographia
667 2279 818 2328 antiqua
852 2291 886 2328 p.
912 2277 1039 2327 μ153),
1074 2289 1146 2314 11011
1181 2279 1308 2328 inepte
1331 2280 1527 2327 cogitauit.

59 2346 106 2383 de
139 2360 213 2396 quo
244 2347 421 2384 Horatius
450 2346 574 2384 Carm.
607 2347 620 2384 I
648 2347 721 2395 131,
755 2349 777 2384 7
813 2351 906 2384 Liris
936 2351 1054 2395 quieta
1085 2352 1226 2385 morde!
1254 2364 1349 2397 aqam
1382 2353 1527 2385 (aviam

59 2430 127 2454 nus
157 2423 286 2455 amm's.
334 2416 392 2454 Cl'.
428 2416 658 2454 Niebuhrius
691 2418 713 2454 l.
746 2418 767 2454 Ι.
805 2430 838 2467 p.
864 2418 944 2454 {Mo
977 2423 1013 2453 et
1046 2418 1138 2453 450.

675 2596 840 2636 CAPVT
872 2597 923 2635 Ill

177 2708 214 2745 Iu
243 2709 299 2746 his
328 2716 506 2759 quattuor
535 2710 662 2754 libris⁴¹
698 2711 745 2747 de
779 2710 915 2759 quibus
937 2722 1020 2759 cap.
1045 2709 1077 2746 ll
1097 2710 1265 2755 egimus*
1297 2721 1365 2759 per
1384 2710 1531 2759 amplos

63 2778 184 2816 hiatus
201 2792 245 2817 ac
265 2779 419 2817 lacunas
440 2781 546 2829 quasi
567 2781 712 2816 incerto
737 2781 902 2827 uestigio
927 2781 1148 2817 creauimus.
1178 2781 1202 2814 S
1217 2793 1236 2816 e
1251 2782 1314 2816 xti
1342 2780 1531 2818 annalis
