1762 3057
550 520 759 565 INDEX
805 518 1194 566 VERBORVM

178 644 273 678 ‘Notis
300 651 329 676 in
348 651 403 677 hoe
428 650 524 678 indice
551 659 620 678 usus
639 659 702 678 sum
723 651 819 678 hisce:
850 652 892 677 cis
912 660 986 685 quae
1005 660 1021 677 a
1040 651 1178 679 librorum
1197 651 1335 677 memoria
1361 653 1476 680 diuersa
1502 654 1530 679 in
1550 663 1616 681 con-

121 701 233 723 textum
256 695 354 731 recepi
379 694 495 721 stellam
515 696 531 711 '¹'
551 694 648 728 affixi,
676 697 865 724 semicirculis
886 702 979 722 aulem
1007 696 1117 721 inclusa
1136 696 1255 721 stellula
1274 697 1315 730 (Ἴ
1342 698 1466 724 indicaui
1491 708 1524 725 ea
1544 708 1616 734 quac

126 741 153 766 in
179 741 256 767 nolis
283 749 339 766 non
366 741 590 775 inprobabililcr
616 742 783 769 uiderentur
807 742 956 777 proposita
977 750 1052 767 csse:
1081 741 1251 776 parenthesi
1272 741 1301 772 ()
1324 742 1428 769 inclusi
1447 743 1471 769 si
1492 744 1563 778 quid
1587 744 1615 770 in

124 786 208 813 libris
227 794 344 822 prorsus
365 786 522 820 omittitur,
543 787 625 813 uncis
645 787 678 822 []
699 788 777 822 quod
796 789 831 814 ab
851 787 983 813 Enniana
1001 787 1083 822 pocsi
1104 786 1233 813 alienum
1258 786 1390 813 habeam.

121 892 260 932 pestem
285 889 390 931 abige
424 899 445 920 a
469 900 524 921 me
553 889 657 931 Trass.
686 891 730 923 50
760 900 798 922 se
824 901 845 922 a

167 936 270 968 malis
296 936 432 977 spernit
456 937 580 977 procul
607 936 711 978 Trags.
733 937 800 969 224
824 948 845 968 a

167 983 280 1024 stirpe
313 992 478 1023 supremo
504 983 593 1016 Αηη.
626 983 690 1014 184
722 994 742 1014 a
769 983 844 1015 sole

167 1028 352 1061 exoriente
389 1028 508 1070 Εἶπέν.
546 1030 564 1060 7
606 1030 721 1061 facem
757 1030 844 1061 iacit

167 1085 188 1106 a
211 1074 317 1106 laeua
345 1073 448 1115 Trans.
467 1076 510 1107 55
535 1079 644 1117 caput
667 1086 688 1107 a
706 1077 845 1107 ceruice

166 1120 348 1153 reuulsum
380 1123 468 1153 Anu.
503 1121 572 1153 462
604 1133 625 1154 a
660 1133 764 1154 socru
800 1146 807 1154 .
834 1146 842 1154 .

164 1169 335 1198 nanctust
364 1165 468 1208 Tragy.
496 1166 562 1199 :397

120 1213 172 1245 ab
203 1213 297 1244 ludis
333 1236 340 1244 .
369 1236 377 1244 .
413 1216 643 1254 expectantes
680 1215 845 1246 nuntium

167 1259 273 1301 Tray.
285 1258 329 1290 70
342 1258 537 1301 longinque
553 1261 597 1291 ab
616 1261 720 1291 domo
740 1260 842 1301 Trass.

169 1305 233 1338 1013
251 1305 296 1336 ab
316 1304 383 1336 hoc
400 1305 570 1338 facessite
594 1307 696 1348 Trags.
720 1307 776 1338 1οΙ
793 1307 842 1349 (ss)

167 1352 212 1383 ab
239 1351 290 1382 eis
324 1375 332 1382 .
357 1374 365 1383 .
392 1354 519 1392 petunt
558 1352 662 1395 Trags.
696 1353 764 1385 355)
797 1355 842 1385 ab

166 1398 285 1429 animo
302 1400 341 1428 ut
358 1401 481 1429 cernat
497 1398 644 1431 uitalem
660 1399 765 1441 Troy.
776 1401 843 1433 400

166 1444 285 1475 uictus
313 1467 321 1474 .
344 1467 351 1475 .
380 1443 424 1475 ab
451 1444 563 1476 isdem
587 1445 677 1477 Αηη.
710 1445 773 1477 100
800 1447 844 1478 ab

166 1489 272 1521 laeua
301 1488 403 1531 Troy.
431 1490 476 1521 38

123 1534 242 1567 demet
265 1536 341 1567 abs
367 1539 404 1567 te
433 1535 536 1577 Troy.
558 1536 621 1569 381
651 1538 715 1569 abs
742 1542 778 1570 te
805 1563 812 1571 .
835 1562 843 1571 .

165 1582 313 1614 nuntius
340 1581 445 1623 Tragy.
470 1582 536 1614 273
563 1584 627 1615 abs
654 1587 690 1616 te
714 1585 846 1617 uiduae

167 1652 175 1660 .
197 1653 205 1660 .
233 1631 316 1659 sunt
345 1627 448 1669 Tray.
471 1628 537 1661 279
565 1630 695 1662 iniuria
720 1632 783 1663 abs
809 1635 845 1664 te

166 1674 316 1706 adficior
343 1674 448 1715 Τναῃ.
480 1675 545 1707 155

119 1721 276 1753 tenebris
303 1721 499 1752 abiectis
525 1721 613 1754 Anu.
640 1722 707 1754 219

120 1766 310 1808 abiegna
335 1790 342 1798 .
365 1790 373 1798 .
399 1767 520 1799 trabes
551 1767 653 1810 Trugy.
681 1768 745 1801 281
774 1770 847 1801 abi-

166 1823 258 1853 egno
282 1814 347 1845 inc.
373 1813 448 1844 libr.
477 1813 554 1844 LII

120 1859 244 1891 abies
269 1883 278 1890 .
298 1882 306 1891 .
331 1859 405 1891 alta
430 1859 517 1891 Arm.
544 1859 605 1892 195
631 1861 749 1893 abiete
775 1861 847 1904 (tri-

166 1904 262 1947 syll.)
289 1905 408 1947 crispa
434 1905 538 1947 Tray.
573 1906 635 1938 117

121 1954 260 1993 pestem
287 1952 465 1993 abigea
490 1962 545 1983 me
575 1952 677 1995 Troy.
702 1953 747 1984 50

120 1998 326 2039 abigeum
354 1997 458 2039 Tragy.
486 1997 586 2031 400*

120 2044 374 2086 abligurias
400 2044 495 2076 bona
520 2044 591 2076 Sal.
618 2044 662 2076 29

120 2093 259 2122 certare
285 2091 457 2122 abnueo
483 2090 571 2121 Αηη.
593 2090 660 2123 283
685 2092 844 2123 futurum

167 2136 376 2167 abnuebunt
406 2135 507 2177 Traq.
535 2136 599 2168 371

120 2185 156 2213 te
180 2182 310 2213 adirier
335 2183 524 2214 abnutas
556 2182 660 2224 Trqq.
686 2184 752 2215 407

120 2227 242 2259 uincla
269 2252 276 2259 .
298 2252 305 2258 .
337 2229 519 2270 abrupit
544 2228 634 2263 Αηη.
663 2229 730 2261 504

121 2275 233 2306 absum
258 2273 353 2315 quod
379 2284 474 2305 nunc
498 2274 623 2306 abest
655 2274 758 2317 Tragy.
777 2274 844 2305 355

120 2319 265 2361 Abydi
290 2320 379 2351 Hed.
407 2321 427 2351 2

123 2377 171 2398 ac
187 2366 277 2398 Ann-
301 2364 623 2398 112135139247*
641 2366 844 2408 Truy.182*

168 2411 236 2445 299
259 2421 302 2444 ac
327 2412 357 2442 si
380 2411 453 2443 Sat.
480 2410 524 2443 36

120 2458 281 2491 caluaria
302 2458 452 2500 pinguia
477 2467 667 2489 acarnae
695 2456 782 2487 Hetl.
804 2456 846 2487 10

122 2504 334 2537 accedere
359 2529 386 2536 ..
408 2505 561 2536 nauibus
580 2503 668 2534 Ann.
687 2502 753 2534 380
774 2514 843 2533 11011

169 2551 264 2593 potis
286 2550 408 2582 accedi
428 2550 529 2592 Tray.
548 2551 589 2582 17
612 2549 752 2581 accedit
774 2559 845 2580 mu-

171 2607 230 2629 ros
255 2595 344 2628 Αηη.
372 2597 438 2629 527

123 2643 244 2675 lumen
270 2667 278 2674 .
299 2667 306 2674 .
334 2642 555 2674 accendat
577 2641 678 2683 Tragy.
697 2641 763 2673 388
790 2652 846 2673 ac-

171 2688 331 2721 cenderit
358 2688 389 2720 T
387 2700 462 2730 ras]-
489 2687 555 2721 389

125 2735 170 2767 ad
195 2745 312 2777 genua
345 2735 518 2767 accidit
543 2733 629 2766 Com.
655 2733 676 2765 9
711 2735 845 2774 quanto

171 2791 190 2812 e
218 2781 298 2813 loco
330 2805 338 2813 .
361 2805 370 2814 .
400 2782 504 2823 lapsa
530 2780 675 2811 fortuna
705 2779 847 2811 accidat

942 889 1047 932 Tray.
1075 888 1142 922 306
1168 901 1237 931 quo
1270 892 1481 923 accedam
1512 892 1614 934 Tray.

942 936 1005 968 114
1026 937 1225 968 accedisset
1244 961 1251 968 .
1265 961 1272 968 .
1293 937 1338 968 ad
1356 942 1488 970 terram
1506 939 1612 981 Truy.

938 982 1003 1014 281

893 1029 1045 1070 accipe
1075 1029 1161 1060 Pom.
1192 1028 1268 1060 11*
1297 1040 1422 1061 manus
1450 1054 1458 1062 .
1482 1055 1489 1062 .
1526 1032 1617 1063 acci-

939 1075 1013 1116 pite
1055 1074 1160 1116 Tray.
1193 1075 1260 1107 :320
1298 1076 1364 1107 hoc
1405 1101 1412 1107 .
1444 1101 1451 1108 .
1494 1078 1617 1119 accipe

938 1121 1072 1152 dictum
1111 1121 1200 1152 Anu.
1231 1121 1297 1153 2071
1337 1123 1460 1164 accipe
1501 1123 1618 1166 daque

938 1167 1043 1198 fidem
1071 1166 1158 1197 Αηη.
1186 1167 1228 1197 33
1261 1172 1445 1209 acceptam
1480 1180 1534 1202 me
1560 1181 1618 1202 ne-

938 1217 1018 1245 cato
1049 1212 1154 1254 Tragl.
1178 1213 1274 1244 2:34*

893 1270 993 1291 acer
1018 1259 1154 1300 hiemps
1184 1259 1271 1293 Ann.
1300 1259 1368 1291 406
1400 1270 1545 1292 somnus
1575 1286 1582 1293 .
1608 1286 1615 1293 .

938 1305 1168 1337 mollissimus
1208 1306 1361 1346 perculit
1402 1308 1495 1338 acris
1526 1308 1614 1341 Ami.

936 1351 1003 1383 360
1030 1362 1147 1383 acrem
1172 1352 1283 1383 aciem
1314 1352 1417 1393 Troy.
1445 1355 1489 1385 25

890 1398 982 1429 bello
1011 1421 1019 1429 .
1043 1422 1050 1429 .
1081 1398 1240 1429 acerbo
1266 1398 1354 1430 Arm.
1384 1398 1450 1431 387

894 1444 1079 1475 Acestes
1104 1444 1192 1477 ΕιιΙι.
1220 1444 1266 1477 60

892 1490 1184 1523 Acherontem
1213 1515 1220 1522 .
1247 1515 1254 1522 .
1283 1491 1389 1522 obibo
1417 1491 1523 1534 Troy,
1552 1494 1619 1524 278

893 1536 1170 1568 Acherunsia
1195 1537 1329 1578 templa
1357 1537 1463 1579 Τιάῃ.
1494 1539 1557 1571 107

894 1581 978 1613 (lare
1004 1593 1103 1613 arma
1127 1583 1294 1614 Achilli
1325 1583 1428 1625 Tragy.
1453 1585 1517 1616 211

893 1628 1077 1660 Achiuis
1107 1628 1210 1669 Tra‘q.
1236 1628 1303 1661 203
1325 1630 1481 1662 Achiuos
1512 1630 1616 1671 Troy.

940 1674 1007 1706 220
1033 1685 1112 1706 011111
1140 1675 1286 1706 Achiuis
1318 1675 1422 1718 Troy.
1451 1676 1495 1708 30

895 1721 1035 1752 aciem
1060 1720 1269 1752 inclinatam
1295 1721 1399 1764 Troy,
1429 1724 1472 1755 25

895 1767 1063 1798 acriter
1089 1767 1176 1800 Ann.
1205 1767 1300 1799 353ss

895 1813 979 1844 ferri
1004 1813 1123 1844 stridit
1150 1824 1332 1845 acumen
1360 1814 1445 1845 Αηη.
1469 1814 1534 1846 364

895 1859 1009 1890 ululat
1036 1884 1043 1891 .
1063 1884 1070 1891 .
1097 1863 1223 1892 acute
1251 1861 1340 1894 Anu.
1368 1860 1464 1892 316*

895 1906 1034 1937 sonitus
1057 1906 1180 1938 effudit
1207 1910 1364 1938 acutos
1395 1907 1482 1938 Αηη.
1510 1909 1576 1939 522

893 1951 944 1983 ad
985 1963 1039 1983 mc
1080 1952 1178 1984 adire
1212 1953 1316 1993 Tra-q.
1353 1952 1419 1984 404
1457 1953 1502 1985 ad
1539 1964 1618 1985 eum

939 1999 1124 2030 aditauere
1153 1999 1338 2041 TrayAssss
1360 2002 1445 2030 cunt
1471 2001 1516 2031 ad
1543 2001 1618 2031 fon-

938 2047 1009 2076 tem
1040 2045 1143 2087 Τναῃ.
1166 2046 1233 2077 166
1259 2045 1304 2077 ad
1331 2056 1395 2077 uos
1422 2046 1617 2077 adueniens

942 2091 1046 2133 Trag.
1063 2092 1103 2122 14
1121 2092 1215 2133 quod
1232 2092 1301 2123 iter
1315 2092 1484 2133 incipiam
1502 2094 1618 2133 ingrc-

939 2137 1000 2168 di‘?
1022 2162 1050 2169 ..
1067 2137 1112 2169 ad
1128 2138 1250 2170 Peliae
1267 2138 1358 2169 filias
1374 2138 1478 2180 Troy.
1491 2138 1556 2170 :313
1573 2139 1617 2170 ad

941 2184 1160 2216 incunabula
1185 2188 1310 2216 nostra
1330 2184 1504 2226 (pergam)
1525 2184 1615 2219 Ληη.

939 2230 1006 2261 57)ss
1025 2231 1239 2270 portabant.
1252 2255 1259 2262 .
1274 2231 1318 2261 ad
1333 2230 1440 2261 litora
1449 2231 1536 2261 Anu.
1548 2230 1616 2262 605

939 2275 984 2306 ad
1016 2276 1163 2307 Troiam
1193 2287 1271 2308 cum
1303 2277 1382 2307 misi
1420 2276 1522 2318 TragJ.
1550 2276 1618 2308 362

939 2321 1073 2352 clamor
1099 2322 1143 2353 ad
1174 2322 1311 2354 caelum
1338 2347 1345 2354 .
1365 2347 1372 2353 .
1401 2323 1501 2363 uagit
1525 2323 1612 2354 Αιιη.

940 2368 1006 2398 520
1039 2368 1199 2399 referunt
1238 2368 1282 2399 ad
1315 2371 1461 2409 pectora
1491 2371 1616 2400 tonsas

940 2413 1029 2443 Arm.
1048 2413 1115 2445 236
1139 2414 1182 2445 ad
1201 2424 1319 2453 genua
1338 2414 1470 2445 accidit
1489 2416 1575 2448 Com.
1595 2415 1616 2445 0

939 2458 1139 2490 accedisset
1169 2459 1214 2490 ad
1244 2462 1375 2491 terram
1409 2460 1513 2502 Trags.
1548 2461 1611 2493 281

940 2504 983 2535 ad
1023 2505 1113 2536 caeli
1155 2529 1162 2536 .
1191 2529 1198 2536 .
1238 2506 1372 2547 templa
1409 2506 1615 2538 Tendebam

939 2551 1028 2581 Αηη.
1048 2551 1091 2583 50
1114 2555 1279 2592 spectant
1298 2552 1343 2584 ad
1361 2553 1514 2585 carceris
1533 2563 1614 2584 oras

939 2596 1026 2627 Αηη.
1043 2596 1088 2627 88
1114 2598 1159 2629 ad
1183 2608 1282 2630 arma
1299 2599 1417 2640 parati
1440 2599 1530 2633 Ann.
1549 2599 1615 2631 104

939 2642 1025 2673 dant
1053 2643 1241 2675 consilium
1266 2668 1274 2676 .
1289 2668 1296 2676 .
1323 2645 1368 2676 ad
1390 2645 1614 2686 uoluptatem

943 2688 1047 2730 Troy.
1064 2689 1131 2720 410
1158 2690 1202 2721 ad
1226 2690 1319 2722 male
1334 2691 1538 2723 faciendum
1562 2692 1614 2723 ui-

939 2738 999 2777 get
1042 2735 1144 2778 Tray.
1179 2736 1245 2769 303
1285 2737 1441 2778 pendent
1483 2761 1491 2769 .
1518 2762 1526 2770 .
1568 2738 1613 2769 ad

940 2792 1115 2824 quemque
1151 2783 1280 2824 pedum
1310 2783 1399 2815 Arm.
1431 2783 1497 2817 363
1533 2794 1613 2816 sese
