1762 3057
715 198 1034 242 RELIQVIAE
1537 193 1617 234 105

275 385 457 440 Quantis
487 401 582 431 cum
613 389 833 434 aerumnis
859 388 977 433 sslum
1004 389 1234 433 exanelaui'
1261 388 1395 432 diem!

823 490 902 534 XII
923 489 943 511 *

273 563 379 608 Vidi
389 601 399 618 ‚
442 565 588 610 uidere
619 568 735 626 quod
769 582 864 611 sum
894 582 1027 626 passa
1056 568 1329 626 aegerrume,

274 632 505 678 Hectorem
532 649 661 678 curru
689 636 950 695 quadriiugo
982 636 1205 694 raptarier,

165 706 240 744 130
277 700 478 746 Hectoris
506 705 652 747 natum
679 703 731 748 de
758 719 881 748 muro
907 704 1118 748 iactarier.

829 801 926 846 XIII

274 878 432 923 Festus
459 895 500 937 p.
530 885 610 925 298
634 881 688 924 M.
724 859 1092 940 ‘[summu]·ssi
1119 880 1371 925 dicebantui
1399 880 1614 954 [munnu-

140 947 322 1005 ratores]
356 981 397 991 ..
423 982 432 990 .
464 948 656 993 Naeuius
681 976 747 981 —
774 950 939 993 Ennius
967 949 1008 992 in
1038 951 1164 993 sexto
1198 948 1254 1007 [V
1260 949 1290 1007 I]
1336 948 1534 1007 [Ειιηὴῴ
1575 949 1615 991 iu

138 1013 468 1059 Andromacha:
507 1016 682 1077 di[eere]
824 1012 944 1077 [no]n
971 1023 1060 1061 est:
1092 1032 1189 1062 nam
1218 1032 1415 1061 mussaie
1442 1017 1477 1061 si
1504 1051 1601 1060 .....

691 1138 1052 1186 ΑΝΒΗΟΜΕΒΑ

873 1231 888 1274 Ι

357 1343 365 1351 .
605 1323 715 1367 quae
741 1323 849 1353 caua
874 1309 980 1353 caeli

275 1375 649 1434 Signitenentibus
677 1377 856 1421 conficis
883 1378 1017 1446 bigis!

838 1476 872 1520 II
895 1476 912 1497 *

276 1589 285 1597 .
359 1589 367 1597 .
442 1589 450 1598 .
525 1590 533 1598 .
855 1559 896 1599 et
920 1556 1017 1615 quis
1043 1555 1165 1598 illaec
1190 1559 1276 1607 est,
1307 1569 1417 1613 quae
1443 1555 1616 1614 lugubri

278 1621 507 1667 Succincta
538 1626 605 1667 est
635 1622 780 1667 stola?

183 1755 231 1793 ,xi
274 1755 400 1786 Nonius
434 1766 466 1797 p.
502 1755 586 1789 292.
620 1755 641 1786 8
685 1756 936 1787 ·‹=xanclare
971 1756 1071 1787 etiam
1106 1754 1273 1795 signifieat
1309 1754 1451 1796 perpeti.
1492 1754 1618 1785 Ennius

144 1801 438 1833 Andromache
468 1801 575 1832 malo
602 1803 846 1841 torquentis
879 1803 970 1833 eum'
1004 1813 1032 1833 e.
1061 1811 1091 1840 q.
1123 1812 1149 1831 s.
1194 1800 1465 1841 (torquantis
1492 1800 1616 1831 Geneu.

146 1847 267 1878 Andr.
305 1847 643 1878 aeehmalotide:
684 1849 856 1887 quantis
889 1848 1043 1879 Rothius.
1086 1846 1380 1877 Andromache
1420 1846 1617 1877 molotto:

143 1893 314 1931 quantis
341 1892 527 1928 Mercerus)
623 1893 681 1924 XII
714 1893 828 1925 Cicero
849 1894 948 1925 Tusc.
971 1894 1059 1935 disp.
1083 1894 1092 1923 I
1121 1894 1177 1925 44.
1205 1892 1267 1924 105
1302 1891 1420 1922 ‘trahit
1444 1891 1619 1923 Hectorem

166 1963 194 1969 ..
224 1938 375 1970 Achilles
491 1941 531 1970 At
560 1939 617 1970 illa
644 1940 727 1970 sieut
753 1940 1007 1971 acerbissimam
1033 1950 1099 1969 rem
1121 1946 1263 1969 maeret:
1295 1937 1389 1979 [128.
1413 1936 1493 1978 129]
1521 1948 1618 1978 quein

145 1985 342 2016 Hectorem?
379 1992 433 2016 aut
461 1996 560 2025 quam
587 1985 644 2016 diu
669 1985 725 2017 ille
752 1987 813 2017 erit
843 1986 986 2018 Hector?
1021 1985 1142 2016 Melius
1170 1985 1291 2015 Accius
1319 1983 1400 2014 ...¹
1443 1984 1550 2014 Varro
1579 1984 1621 2014 de

145 2031 179 2061 1,.
202 2031 239 2062 L.
261 2030 292 2061 X
314 2031 358 2063 70
375 2031 419 2062 M.
450 2034 533 2063 ‘non
559 2031 658 2062 modo
684 2034 823 2073 poetae,
853 2032 913 2063 sed
932 2033 1031 2063 etiarn
1050 2030 1204 2073 plerique
1221 2040 1257 2061 ae
1281 2030 1389 2072 primo
1409 2030 1536 2064 omnis,
1564 2030 1620 2069 qui

143 2077 252 2108 soluta
274 2078 424 2109 oratione
446 2077 642 2118 loquuntur,
670 2078 845 2115 dicebant,
872 2084 907 2109 ut
933 2083 1161 2118 quaestorem,
1192 2084 1402 2118 praetorem,
1429 2075 1477 2105 sie
1503 2076 1621 2107 Hecto—

144 2133 230 2157 rem,
258 2122 442 2155 Nestorem.
476 2124 590 2163 Itaque
609 2124 736 2155 Ennius
754 2125 799 2155 ait
826 2122 948 2166 [l3o].’
980 2124 1166 2163 Vtrumque
1188 2123 1298 2154 locum
1321 2122 1534 2153 coniunctum
1554 2123 1621 2152 Au-

144 2168 347 2200 ‹lromaehae
363 2169 479 2200 tribuit
499 2169 652 2211 Scaliger

192 2215 431 2245 ANDROMEDA
482 2216 494 2245 Ι
528 2215 635 2245 Varro
662 2215 702 2246 de
726 2215 763 2246 L.
786 2215 823 2246 L.
844 2216 872 2246 V
895 2215 938 2247 19
965 2215 1007 2246 Μ.
1042 2218 1079 2245 ‘a
1107 2215 1198 2246 Chao
1225 2214 1366 2251 choum,
1400 2213 1478 2244 hinc
1502 2223 1621 2244 cauum

144 2266 173 2291 et
208 2259 285 2290 hine
323 2260 452 2291 caelum
584 2261 697 2300 itaque
734 2261 815 2292 dicit
852 2261 1070 2293 Andromeda
1108 2261 1213 2291 nocti:
1250 2259 1350 2299 quae’
1385 2270 1413 2290 e.
1441 2269 1472 2298 q.
1502 2268 1528 2288 S.
1569 2261 1621 2289 ‘et

147 2307 377 2347 Agamemnon
405 2329 431 2335 ..
447 2330 452 2335 .
468 2330 474 2335 .
503 2312 533 2337 et
552 2306 680 2337 Ennius
698 2307 777 2338 item
800 2307 842 2338 ad
863 2308 1072 2339 cauationem
1097 2331 1122 2336 ..
1138 2307 1163 2336 .’
1196 2305 1491 2347 (Andromeda
1516 2304 1622 2335 Scali-

144 2361 214 2393 ger.
246 2351 516 2382 Andromada
535 2352 610 2382 Par.
630 2352 662 2383 b.
691 2352 987 2384 Andromacha
1008 2352 1096 2382 Flor.
1119 2355 1168 2383 ‘ut
1187 2352 1269 2383 uid.'
1293 2351 1503 2382 Androma
1522 2349 1620 2381 Goth.

145 2398 252 2428 Haun.
273 2397 346 2428 Par.
369 2406 387 2427 a
408 2402 439 2427 et
457 2396 492 2437 c)
588 2398 617 2428 II
647 2397 776 2429 Nonius
795 2409 829 2440 p.
857 2397 932 2436 198,
957 2399 973 2429 1
1009 2399 1121 2428 ‘cuis
1147 2405 1177 2428 et
1203 2397 1318 2439 generi
1338 2396 1499 2427 feminino
1529 2396 1619 2426 attriff

145 2444 201 2474 bui
220 2453 321 2485 posse
339 2448 491 2474 ueterum
510 2444 692 2474 auctoritas
711 2443 819 2474 uoluit
932 2444 1077 2475 Ennius:
1107 2449 1135 2474 et
1156 2444 1246 2482 quis'
1275 2454 1303 2473 e.
1320 2453 1350 2481 q.
1367 2452 1393 2471 s.
1433 2441 1502 2471 Huc
1522 2441 1622 2473 refert

204 2560 267 2596 127
295 2560 459 2594 erumnis
474 2559 644 2604 plerique
667 2558 750 2592 libri
865 2569 1063 2592 aerumnas
1087 2558 1186 2591 illum
1209 2557 1396 2591 exanclari
1419 2567 1502 2590 eum
1526 2556 1623 2590 diem

144 2615 262 2649 Basil.
383 2618 447 2651 128
478 2614 576 2659 quod
610 2626 688 2647 sum
722 2625 833 2658 pas-sa
866 2614 971 2648 ΠΜ,
992 2626 1014 2648 α
1043 2613 1191 2649 Diti-sb..
1220 2613 1406 2648 Dauisius.
1437 2612 1536 2656 quod
1565 2623 1622 2645 me

146 2681 257 2715 passa
274 2670 365 2717 Rey.
383 2670 479 2704 Pz‘th.
499 2670 591 2705 Gucl.
611 2680 691 2703 vum
711 2671 838 2703 ceteris
957 2672 1022 2706 129
1045 2679 1152 2703 curro
1172 2668 1262 2713 Regy.
1282 2668 1374 2703 (ἐκεῖ.
1492 2670 1557 2704 130
1578 2667 1623 2702 de

145 2736 272 2760 moero
296 2725 474 2772 Scaliyer.
508 2726 553 2760 de
579 2725 738 2760 Troiano
763 2737 866 2759 muro
889 2726 972 2759 libri
1088 2724 1257 2759 iactarier
1286 2724 1462 2769 Scaliyer.
1497 2724 1624 2757 iactari

143 2781 227 2815 libri
