1762 3057
624 184 627 187 ·
680 168 998 213 RELIQVIAE
1528 161 1580 203 71

781 279 907 324 XXX

653 348 781 392 terrai
812 348 1039 407 frugiferai

115 492 196 549 4¹80
234 503 341 548 Cum
367 505 486 550 soles
515 506 687 551 tandem
715 438 1153 566 ίὶιέἰζιῖξιὶῒωίῡιιςίεεθιέε
1191 506 1325 565 longe

755 579 920 642 xxxii

235 697 243 705 .
317 697 326 706 .
403 698 411 707 .
487 698 496 708 .
571 699 580 708 .
818 666 1024 725 uiresque
1057 665 1253 709 ualentes

235 729 441 776 Contudit
471 732 660 778 crudelis
691 733 860 792 hiemps

236 876 408 936 Optima
435 878 686 924 caelicolum
712 879 915 924 Saturnia
942 892 1103 938 magna
1129 876 1328 920 dearum!

95 1011 139 1041 w
162 1012 184 1041 (5
207 1015 283 1041 ‘cur
300 1012 426 1042 autem'
453 1012 577 1052 (Iulius
597 1011 758 1055 Higinus)
781 1015 865 1044 ‘non
885 1012 935 1050 Q.'
956 1010 1020 1054 (.ῆ.
1045 1009 1141 1045 Val.)
1177 1012 1330 1050 ‘quoque
1354 1009 1495 1040 Ennium
1526 1018 1578 1039 re-

95 1057 269 1098 prehendit
293 1058 347 1097 qui
373 1058 404 1087 in
424 1058 602 1089 annalibus
625 1069 689 1091 non
712 1070 839 1102 pennas
861 1059 1020 1090 Daedali.
1048 1057 1109 1088 sed
1129 1057 1226 1098 longe
1250 1056 1419 1087 diuersius
1440 1055 1489 1086 131-
1500 1065 1517 1085 u
1530 1065 1575 1085 n-

94 1103 113 1134 d
125 1104 217 1134 usiu
228 1115 276 1136 m.
306 1104 424 1143 inquit,
451 1114 501 1145 pu
516 1104 622 1136 lcro'
643 1116 755 1146 e.q.s.
789 1106 935 1147 (Desunt
956 1106 987 1136 in
1010 1105 1083 1135 Par.
1105 1102 1261 1134 Rottend.
1286 1102 1329 1133 ef.
1349 1103 1357 1132 l
1379 1102 1419 1132 fr.
1436 1101 1526 1132 LVII

139 1150 360 1181 diuersius
393 1150 656 1191 Braundisii‘i
683 1152 783 1192 quid
807 1152 880 1182 Vat.
911 1150 1129 1183 diuers-ius
1156 1148 1438 1180 Brundusium
1465 1147 1573 1187 quid

95 1198 169 1228 Vat.
202 1195 300 1229 1532.
331 1196 547 1230 diuersius
580 1198 680 1238 quid
714 1199 813 1240 (siue
840 1196 975 1239 quod)
1006 1195 1164 1228 Brund.
1204 1195 1351 1225 iuniores
1378 1193 1477 1225 codd.
1509 1193 1574 1223 di-

94 1243 277 1273 uersius:
312 1242 418 1280 Quid
438 1244 592 1275 Brund.
618 1244 825 1281 Gronouius)
876 1245 967 1276 Idem
997 1243 1042 1274 IX
1067 1243 1087 1274 -1
1123 1249 1217 1272 *eum
1244 1252 1261 1271 e
1282 1240 1422 1271 Graecia
1450 1240 1482 1270 in
1509 1239 1573 1269 lta-

93 1290 170 1319 liam
193 1289 378 1321 rediremus
406 1296 435 1321 et
458 1290 683 1322 Brundusium
705 1292 829 1322 iremus
857 1291 1052 1333 egressique
1079 1300 1095 1319 e
1117 1288 1194 1319 naui
1221 1287 1254 1318 in
1277 1293 1398 1318 terram
1420 1287 1452 1317 in
1475 1291 1572 1327 portu

94 1335 151 1366 illo
187 1335 300 1366 inclito
337 1337 580 1377 spatiaremur,
624 1348 721 1377 quem
753 1337 790 1375 Q.
823 1338 949 1368 Ennius
984 1336 1162 1367 remotiore
1197 1333 1335 1375 paulum
1368 1333 1427 1364 sed
1456 1332 1572 1363 admo-

93 1382 170 1413 dum
201 1382 284 1413 scito
312 1381 475 1414 uocabulo
506 1390 750 1425 praepetem
783 1383 987 1425 appellauit.
1021 1382 1130 1414 fasces
1158 1380 1338 1412 librorum'
1374 1391 1403 1411 e.
1435 1389 1465 1418 q.
1495 1389 1522 1409 s.

137 1428 236 1459 XXX
268 1428 440 1460 Charisius
469 1430 480 1459 I
508 1440 542 1471 p.
564 1430 583 1460 7
611 1429 646 1460 P.
674 1430 713 1472 (9
734 1429 853 1465 Lind.)
877 1429 966 1472 (ai)
995 1429 1122 1460 *adhuc
1147 1437 1273 1458 morem
1300 1437 1373 1458 esse
1404 1425 1511 1467 poetis
1539 1424 1570 1454 in

93 1474 206 1506 datiuo
235 1485 332 1513 casu,
359 1480 394 1506 ut
422 1475 511 1507 aulai
540 1476 572 1506 in
603 1476 713 1507 medio
735 1476 924 1517 Vergilius,
956 1475 1087 1506 terrai
1114 1472 1354 1515 frugiferai
1383 1472 1509 1503 Ennius
1539 1470 1572 1500 in

92 1520 294 1551 annalibuss
333 1521 494 1553 Claudius
523 1521 688 1553 Sacerdos
716 1523 727 1553 Ι
754 1533 788 1564 p.
816 1522 860 1554 26
886 1522 983 1554 Endl.
1028 1520 1210 1552 ‘diaeresis
1246 1543 1252 1549 .
1275 1543 1281 1549 .
1307 1543 1313 1549 .
1355 1523 1389 1548 ut
1415 1517 1511 1548 aulae
1539 1516 1572 1547 in

93 1567 222 1604 medin,
250 1572 280 1598 et
299 1566 470 1609 frugae,
505 1567 594 1599 aulai
624 1574 655 1599 et
683 1568 816 1609 frugai.'
859 1568 1128 1610 (frugiferae
1154 1592 1160 1599 .
1186 1564 1423 1606 frugiferai
1443 1563 1572 1594 Vindo-

94 1611 278 1653 bonenses)
347 1614 496 1645 Incertus
523 1614 563 1645 de
587 1624 675 1645 nom.
699 1621 729 1645 et
751 1624 846 1656 pron.
876 1614 994 1656 (An-al.
1018 1613 1162 1644 vindob.
1184 1622 1218 1653 p.
1245 1609 1327 1647 127)
1364 1616 1462 1641 ‘nam
1489 1609 1573 1651 legi-

93 1669 166 1690 mus
185 1660 276 1702 apud
294 1659 486 1691 Lucretium
505 1665 533 1691 et
558 1661 745 1702 Vergilium
772 1661 912 1692 terrai
941 1659 1116 1701 frugefe
1129 1659 1189 1688 rai
1218 1666 1279 1699 pro
1301 1663 1409 1687 terrae
1431 1654 1572 1697 frugife-

93 1715 149 1737 rae
175 1712 206 1737 et
233 1705 323 1737 aulai
349 1706 459 1737 medio
491 1716 551 1748 pro
583 1706 702 1738 aulae.'
743 1706 952 1749 (Lucretium
979 1705 1219 1748 grammaticus
1248 1703 1345 1744 lapsu
1374 1711 1434 1744 pro
1463 1701 1571 1733 Ennio

93 1753 283 1784 nominasse
310 1752 443 1784 uidetur
462 1752 492 1783 J.
516 1753 664 1784 Beekero
691 1753 811 1784 Philol.
840 1754 865 1784 Il
888 1752 950 1791 55)
977 1751 1138 1783 Martialis
1158 1750 1276 1792 Epigr.
1305 1749 1351 1779 XI
1371 1747 1428 1785 90,
1448 1749 1468 1780 5
1504 1749 1571 1778 ‘at-

92 1798 283 1839 tonitusque
305 1798 397 1841 leges
424 1800 561 1829 terrai
588 1799 843 1841 frugiferai,
881 1800 990 1830 Attius
1019 1804 1049 1829 et
1069 1796 1234 1837 quidquid
1256 1795 1490 1834 Pacuuiusque
1512 1803 1572 1824 uo-

93 1845 208 1876 munt.‘
254 1846 373 1875 Incerti
396 1846 516 1876 artium
540 1851 717 1887 grammat.
741 1845 862 1888 fragm.
893 1845 1011 1886 (Anal.
1032 1844 1179 1875 vindob.
1202 1852 1234 1884 p.
1256 1840 1319 1881 84)
1347 1841 1444 1872 ‘item
1462 1839 1571 1871 adhue

91 1901 167 1922 esse
191 1901 317 1922 morem
338 1892 445 1933 poetis
466 1892 498 1922 in
518 1891 632 1922 datius)
652 1891 741 1923 aulai
762 1892 872 1923 medio
893 1892 1004 1923 dicere
1024 1896 1053 1922 et
1081 1891 1200 1921 intus
1227 1887 1354 1928 aquai
1382 1885 1571 1929 frugife-

92 1938 155 1969 rai
174 1938 301 1969 Ennius
329 1938 359 1968 in
387 1937 588 1968 annalibus.’
630 1939 711 1969 ilinc
732 1948 795 1970 non
816 1948 939 1969 nouum
961 1938 1067 1969 Ennio
1089 1935 1281 1978 poeimaiion
1302 1933 1459 1964 subnasci
1486 1931 1572 1963 uidit

91 1984 121 2015 .].
139 1983 308 2015 Beckerus
329 1984 350 2014 l.
370 1994 397 2015 s.
430 1984 563 2026 Quippe
585 1985 700 2015 intus
720 1986 850 2025 aquai
873 1984 1016 2026 Vergilii
1038 1989 1087 2015 est
1107 1979 1365 2024 (Ae11.V11464
1383 1980 1426 2010 cf.
1443 1978 1570 2009 Probus

93 2041 126 2072 p.
156 2029 243 2063 1438
269 2031 304 2061 Ρ.
338 2029 383 2062 99
408 2029 545 2070 Lind.),
581 2031 676 2062 euius
703 2041 823 2063 nomen
854 2041 928 2062 cum
958 2031 1110 2061 Enniano
1139 2028 1270 2060 terrai
1301 2026 1469 2058 excidisse
1495 2030 1571 2066 post

92 2077 221 2116 aquai
241 2076 417 2118 probabile
437 2082 484 2108 est
579 2077 691 2108 XXXI
720 2077 847 2109 Nonius
870 2088 904 2119 p.
929 2076 1004 2114 134,
1027 2075 1068 2108 19
1106 2074 1272 2116 ‘longis
1284 2083 1397 2109 cere,
1434 2071 1570 2113 longum

94 2122 164 2154 lieri
190 2123 244 2154 uel
272 2122 440 2165 frangere.
479 2123 604 2154 Ennius
630 2123 687 2154 lib.
715 2124 826 2154 XVII:
857 2122 969 2165 [V11]:
1004 2123 1109 2153 idem:
1145 2121 1238 2152 eum'
1267 2130 1295 2151 e.
1324 2129 1355 2159 q.
1380 2128 1407 2149 s.
1452 2116 1573 2159 (lan-

94 2169 286 2210 giseere,
328 2168 581 2210 languidum
605 2169 704 2200 fieri
727 2170 797 2201 uel
828 2170 971 2211 frangi
993 2169 1055 2200 Th.
1081 2166 1230 2209 Hngius)
1325 2164 1456 2196 XXXIl
1482 2164 1572 2194 Pris-

95 2215 211 2245 cianus
229 2214 258 2245 X
280 2224 313 2256 p.
328 2214 394 2247 891
415 2215 449 2245 Ρ.
477 2215 509 2255 (l
531 2225 564 2256 p.
579 2214 646 2247 402
662 2214 721 2255 K.)
749 2224 756 2231 ·
769 2216 989 2248 uetustissimi
1009 2221 1117 2246 tamen
1137 2220 1202 2245 tam
1222 2211 1451 2254 producebant
1471 2219 1571 2249 quam

96 2260 320 2302 corripiebant
342 2260 524 2301 supradicti
552 2261 665 2294 uerbi.
701 2262 735 2292 id
757 2268 805 2293 cst
825 2263 950 2295 tutudi.
980 2260 1211 2303 penultimam.
1254 2258 1380 2288 Ennius
1399 2257 1432 2287 in
1453 2255 1570 2286 XIIII:

96 2306 205 2350 [VIII]
235 2316 311 2337 ecce
337 2306 392 2337 hie
420 2306 592 2347 corripuit.
638 2307 729 2338 Idem
750 2309 782 2338 in
805 2308 902 2339 XVI:
931 2306 1027 2349 [III]:
1069 2307 1160 2338 idem
1185 2307 1218 2336 in
1242 2303 1437 2335 annalibus:
1464 2302 1572 2332 uires-

95 2353 174 2394 que'
210 2363 239 2384 e.
262 2363 293 2392 q.
317 2362 344 2382 s.
383 2352 456 2383 ‘hic
485 2349 645 2393 produxit
674 2354 918 2394 penultimam.'
955 2354 1021 2395 (in
1049 2351 1283 2383 annalibus
1310 2358 1375 2380 om.
1400 2346 1524 2389 Sang.)

143 2398 290 2430 XXXIII
318 2399 510 2429 Priscianus
529 2397 622 2429 XVII
645 2408 678 2440 p.
703 2398 788 2431 1103
811 2400 846 2430 P.
866 2401 914 2439 (II
937 2410 968 2441 p.
989 2399 1033 2430 89
1051 2397 1109 2434 K.)
1145 2401 1223 2438 ‘per
1244 2395 1393 2437 species'
1422 2393 1571 2435 (uariant

94 2513 282 2560 §cinctum
303 2512 411 2562 ppete
443 2516 523 2552 γαί.
640 2519 767 2561 portus
795 2514 874 2549 I'al.
894 2519 927 2549 et
941 2514 1099 2549 iuniores
1117 2512 1202 2557 aliq.
1227 2510 1319 2545 libri.
1342 2514 1449 2555 portu
1464 2510 1571 2556 uulgo

237 2575 306 2610 480
334 2575 434 2608 soles
464 2572 626 2616 tandem]
658 2572 738 2607 sola
759 2575 813 2605 est
840 2570 973 2605 eadem
993 2569 1087 2604 libri.
1117 2569 1216 2602 soles
1244 2570 1363 2601 terras
1397 2565 1462 2601 Th.
1492 2565 1571 2602 Hu-

94 2644 175 2690 9ius
290 2643 427 2679 sacient
457 2643 557 2678 Leid.
595 2630 733 2678 saeii‘int
774 2641 823 2675 W
933 2639 1141 2685 langiscere
1181 2636 1246 2672 Th.
1288 2636 1431 2683 Huyius

96 2702 163 2737 481
190 2695 425 2746 uireiuiesque
447 2699 561 2746 Sanq.
700 2701 770 2735 482
791 2696 965 2744 credulus
985 2694 1171 2730 Halberst.
1286 2692 1431 2738 hiemps
1452 2693 1568 2728 Bern.

97 2756 217 2791 hiems
239 2757 352 2792 ceteri
