1762 3057
205 158 315 188 xxiv
736 147 1143 192 QVAESTIONES

206 264 298 302 sede
336 262 526 309 admisso,
566 270 640 297 non
673 259 861 309 aptiorem
894 257 1163 304 occasionem,
1209 269 1319 307 quam
1363 263 1401 295 ιιι
1436 257 1482 296 ab
1523 256 1679 295 Homeri

205 335 410 374 simulacro
438 331 671 383 proferatur,
701 328 877 378 dispicio.
938 325 1130 365 Caeruleo
1162 328 1260 365 enim
1296 340 1463 379 corpore
1495 328 1679 367 cortinam

205 405 310 453 (licit,
337 403 372 441 ni
394 402 522 450 fallor,
551 400 713 447 caelum,
745 401 756 419 ²
772 398 914 435 circum
938 408 1131 447 supraque
1151 398 1254 449 quod
1279 399 1486 450 complexu
1510 399 1681 437 continet

207 475 375 523 terrani',
408 480 445 511 ut
477 485 498 510 e
527 470 692 509 Pacuuio
722 468 846 505 Varro
879 468 1004 506 adfert
1035 467 1082 506 de
1113 467 1152 505 L.
1185 467 1224 506 L.
1256 468 1290 505 V
1326 470 1373 507 17
1402 468 1450 506 Μ.
1493 480 1540 507 eo
1576 469 1679 516 loco7

207 548 271 598 qui
305 545 414 596 plura
447 541 562 580 habet
594 552 692 592 quae
725 551 809 578 cum
842 537 1021 576 Ennianis
1054 545 1267 588 congruant
1298 539 1512 578 sententiis.
1565 537 1679 577 Cete-

209 629 311 664 rum,
341 621 379 652 ut
410 613 484 652 hoc
513 624 612 650 nunc
649 611 773 650 dicam
814 610 1005 661 apertius,
1048 609 1149 660 quod
1190 609 1236 647 ab
1281 609 1324 646 Ο.
1367 609 1578 659 Muellero,
1620 610 1682 660 qui

209 687 370 737 egregie
401 695 554 723 uersum
584 682 687 720 illum
715 681 911 729 emendat,
945 680 1024 718 uitii
1056 680 1242 730 originem
1274 692 1405 731 parum
1438 686 1682 732 perspectam

209 771 298 797 esse
327 754 558 807 significaui:
586 764 661 791 non
684 751 870 790 credibile
895 756 967 799 est7
997 751 1084 790 mihi
1109 751 1275 801 quidem,
1308 752 1344 789 in
1366 751 1423 789 his
1450 750 1683 801 corruptelis

209 841 372 879 quaeque
402 832 436 866 in
474 826 596 864 latere
633 837 726 874 (succe
754 836 876 861 calca:
917 827 1050 860 contra
1081 835 1175 860 cana
1208 822 1461 869 uocabulum,
1504 831 1580 872 quo
1606 831 1683 858 om-

210 901 297 938 nino
331 898 454 937 careri
472 908 563 947 mon
586 907 704 946 posse
734 894 858 933 Varro
893 892 1082 941 ostendit⁷
1125 905 1145 931 e
1177 906 1294 931 causa
1334 904 1434 930 uoce
1465 892 1579 930 elicio
1611 891 1682 941 (cf.

211 971 307 1009 Ann.
349 968 459 1019 4⁴20)
515 980 559 1005 ac
605 977 672 1003 sua
718 963 812 1001 sede
860 964 960 1002 unde
999 969 1172 1002 cesserat
1219 974 1393 1014 repono:
1444 976 1608 1013 quaeque
1649 967 1686 1001 in

211 1048 337 1081 autem
376 1051 449 1077 non
483 1039 622 1077 distant
659 1036 742 1073 fere
782 1034 828 1073 ab
869 1035 926 1073 his
972 1047 1069 1086 quae
1101 1039 1185 1072 sunt
1210 1046 1302 1082 quae
1331 1046 1456 1083 quem,
1494 1046 1593 1085 quae
1628 1040 1687 1072 est

210 1125 279 1162 que
315 1110 479 1149 uoculae
528 1106 800 1157 dittographia.
869 1105 911 1143 In
963 1112 1136 1143 extremo
1177 1104 1405 1155 prohoemio
1457 1104 1685 1143 conlocatus

211 1183 280 1221 fuit
317 1192 476 1228 uersus,
531 1190 606 1230 quo
640 1178 794 1217 Persius
834 1178 948 1215 utitur
984 1177 1062 1215 Sat.
1096 1177 1142 1225 6,
1184 1176 1207 1213 9
1243 1174 1380 1226 (XV),
1429 1187 1541 1226 quem
1583 1176 1685 1226 quod

213 1253 382 1291 editores
407 1250 552 1288 somnio
580 1253 840 1300 praeponunt7
870 1246 1080 1284 oscitanter
1102 1246 1272 1285 Persium
1294 1247 1526 1297 inspexere,
1556 1247 1619 1297 qui
1641 1246 1687 1284 ab

215 1328 447 1373 experrecto
485 1326 598 1371 poeta
620 1313 787 1370 ‘portum
809 1317 948 1355 Lunae'
984 1317 1127 1355 laudari
1159 1317 1339 1356 indicauit
1361 1324 1519 1368 aperte:
1554 1318 1589 1355 in
1612 1328 1688 1367 quo

217 1400 326 1445 portu
354 1391 512 1430 Ennium
544 1388 637 1426 illud
666 1386 838 1426 mirabile
869 1388 1053 1426 somnium
1084 1389 1227 1428 uidisse
1260 1390 1442 1427 conicias.
1495 1387 1554 1426 De
1587 1387 1690 1426 Luna
1716 1409 1719 1411 ·

215 1464 303 1515 quid
334 1469 488 1501 ueteres
511 1459 748 1507 tradiderint,
775 1457 861 1496 uide
884 1458 919 1495 in
937 1456 980 1494 O.
998 1457 1122 1497 Jahnii
1146 1460 1191 1498 ad
1209 1460 1379 1498 Persium
1400 1458 1689 1497 commentario.

330 1535 417 1585 Ipsa
450 1532 614 1570 narratio
648 1529 845 1568 exorditur
873 1541 892 1567 a
924 1528 1039 1566 rebus
1057 1529 1238 1568 Aeneae:
1274 1531 1320 1569 ad
1352 1542 1465 1581 quem
1488 1540 1586 1580 quae
1604 1540 1690 1579 per-

218 1608 335 1644 tinent
368 1609 429 1642 aut
463 1602 662 1640 uideantur
680 1602 876 1651 pertinere
903 1600 1115 1649 fragmenta
1148 1601 1262 1641 hodie
1289 1601 1550 1651 duodeuiginti
1574 1611 1692 1650 super

219 1682 304 1714 sunt
336 1671 704 1725 (XVIfflXXXlII).
758 1669 901 1709 Eorum
933 1683 1071 1721 agmen
1093 1671 1196 1710 ducit
1218 1673 1248 1710 is
1264 1703 1274 1721 7
1309 1685 1421 1724 quem
1445 1677 1482 1709 et
1504 1671 1593 1708 olim
1617 1671 1691 1721 pri-

219 1760 316 1785 mum
348 1746 468 1784 fuisse
499 1742 726 1781 narrationis
759 1742 911 1792 opinor,
943 1754 1079 1780 uersus
1110 1754 1130 1780 a
1162 1742 1358 1782 Prisciano
1394 1741 1446 1780 ΙΙΙ
1482 1753 1519 1792 p.
1549 1740 1629 1779 607
1650 1739 1689 1778 Ρ.

220 1818 394 1857 laudatus
429 1813 574 1865 (XVI),
622 1813 728 1850 cuius
758 1818 797 1850 ut
830 1813 942 1863 plana
975 1819 1033 1851 est
1065 1815 1278 1863 sententia,
1306 1815 1354 1852 ita
1386 1824 1461 1850 non
1492 1812 1630 1850 diutius
1657 1811 1691 1848 in

220 1888 360 1926 Troiae
389 1886 494 1924 ruina
525 1890 798 1923 commoratum
834 1888 987 1933 poetam
1011 1883 1190 1921 ostendit.
1278 1883 1470 1921 Anchises
1496 1895 1515 1920 a
1541 1882 1692 1920 Venere

220 1958 380 1996 edoctus
416 1956 574 2007 patriam
601 1954 701 1991 iubet
733 1954 896 2004 relinqui
930 1954 1100 2005 (XVll):
1133 1955 1183 1991 ita
1217 1965 1350 1990 uersus
1381 1954 1554 2005 accipio,
1596 1964 1694 2003 quos

219 2030 308 2067 olim
335 2038 538 2079 perperam
570 2023 862 2073 intellegebant„
896 2037 940 2063 ac
972 2026 1075 2063 fauet
1102 2025 1332 2073 sententiae,
1360 2024 1462 2075 quod
1486 2024 1694 2072 Dionysius

219 2096 570 2136 Halicarnassensis
600 2095 729 2146 Antiq.
770 2094 876 2132 Rom.
911 2095 925 2133 1
958 2094 1009 2134 48
1053 2108 1088 2146 p.
1128 2094 1203 2132 102«)
1237 2094 1369 2133 Reisk.
1406 2095 1454 2133 de
1487 2095 1695 2146 Sophoclis

220 2168 442 2207 Laocoonte
485 2166 618 2214 tradit,
661 2167 898 2215 quantumuis
933 2167 1161 2216 ceteroquin
1202 2178 1246 2203 ea
1285 2166 1486 2215 tragoedia
1521 2166 1638 2204 distet
1675 2178 1695 2203 a

221 2239 403 2277 memoria
448 2236 575 2274 Ennii:
633 2238 842 2286 Σοφοκλῆς
881 2233 951 2286 μὲν
987 2231 1006 2275 ὁ
1053 2233 1343 2292 τραγῳδοποιὸς
1384 2236 1425 2275 ἐν
1465 2231 1697 2275 Λαοκόωντι

222 2306 388 2361 ὁράματι
408 2303 618 2358 μελλούσης
638 2302 868 2346 ἁλίσκεσθαι
882 2308 948 2357 τῆς
969 2304 1114 2355 πόλεως
1134 2308 1318 2358 πεποίηκε
1340 2302 1406 2347 τὸν
1418 2307 1579 2345 Αἰνείαν
1600 2299 1693 2345 oiva-

221 2374 504 2428 σκευαζόμενοι)
529 2377 580 2424 εἷς
608 2373 678 2428 τὴν
702 2373 832 2427 Ἴδην,
869 2376 1127 2416 κελευσθέντα
1150 2372 1227 2417 ὑπὸ
1250 2381 1318 2416 τοῦ
1349 2373 1493 2428 πατρὸς
1521 2372 1697 2427 Ἀγχίσου

222 2442 343 2488 κατὰ
373 2443 458 2499 τὴν
491 2445 686 2500 μνήμην
720 2441 1061 2499 ὦνἈφροδίτη
1091 2447 1336 2499 ἐπέσκηψε
1429 2446 1562 2484 Habeo
1586 2459 1696 2497 prae-

223 2526 329 2557 terea
361 2519 434 2557 duo
469 2531 566 2569 quae
599 2519 643 2557 ad
668 2518 873 2556 Anchisam
899 2517 1064 2557 referam
1086 2520 1323 2569 fragmenta.
1358 2519 1416 2556 cni
1445 2519 1617 2555 exoranti
1643 2519 1694 2555 in-

223 2591 436 2639 stantique,
476 2595 515 2627 ιιι
547 2602 639 2627 suae
667 2589 882 2627 auctoritati
915 2589 1026 2627 cedat
1055 2590 1234 2639 Aeneas,
1269 2589 1449 2627 conuenit
1476 2588 1521 2625 sr.
1549 2588 1694 2626 XVIII:

224 2666 261 2697 et
299 2673 346 2697 ex
387 2661 543 2698 incertis
585 2672 660 2697 non
700 2659 940 2698 incommoda
977 2660 1048 2709 ipsi
1089 2649 1267 2697 uaticinio
1301 2659 1490 2696 sentent-ia
1522 2662 1587 2696 secl
1615 2663 1693 2696 sola

223 2738 407 2769 lc‘rrartmi
432 2738 625 2781 postquam
657 2744 857 2780 permensa
887 2743 1096 2779 parumper
1131 2730 1232 2779 (inc.
1276 2728 1356 2766 sed.
1392 2727 1457 2778 I):
1506 2740 1616 2779 quam
1647 2742 1693 2767 ne
