1762 3057
168 137 251 167 VIII
741 130 1070 166 PRAEFATIO

168 238 399 280 adornatus
438 238 619 295 prodiit,
661 252 770 294 quae
811 243 853 278 et
888 237 984 278 aliis
1021 237 1266 278 nominibus
1295 237 1489 293 requiras
1519 242 1562 278 et
1592 237 1638 277 in

169 332 299 375 opera
324 317 462 373 qualis
489 317 596 358 haec
624 322 688 357 cst
717 316 871 357 acerbe
899 315 1151 357 desideres?
1182 316 1264 357 Vel
1287 316 1508 369 Ciceroni,
1539 316 1639 357 licet

168 396 291 437 multi
324 395 503 437 multum
540 395 688 436 uariae
726 409 853 435 curae
891 393 1129 448 attulerint,
1168 393 1276 436 illud
1305 409 1359 435 ne
1390 394 1517 436 hodie
1549 395 1639 450 qui-

171 475 268 517 dem
303 475 527 531 quisquam
563 473 796 528 praestitit,
843 472 957 528 quod
996 478 1094 514 ante
1125 474 1268 514 omnia
1303 473 1386 515 fuit
1421 480 1640 529 praestan-

172 554 293 595 dum:
333 567 414 594 nec
452 566 500 593 eo
537 551 670 592 multo
708 551 861 592 melius
901 551 1038 593 habiti
1075 557 1174 593 sunt
1206 567 1229 593 e
1263 553 1641 607 grammaticorum

170 632 297 673 turba
320 631 573 688 superstites
599 635 766 671 tantum
786 644 873 671 non
898 645 1059 672 omnes.
1109 630 1195 673 Sed
1218 646 1363 673 eorum
1385 632 1641 688 scriptorum

170 725 315 752 rumor
345 716 417 751 aut
447 710 604 751 certior
633 709 749 750 fama
776 710 940 766 parari,
984 709 1131 766 quales
1166 711 1386 765 significo,
1430 711 1640 753 editiones

171 788 356 830 ferebat:
397 803 576 845 quarum
602 789 745 843 dotes,
775 804 829 830 ne
860 790 905 830 in
933 789 1221 831 festinationis
1253 790 1422 846 culpam
1451 791 1638 831 incurre-

170 882 280 920 rem,
313 875 566 923 exspectare
582 868 814 922 debebam,
847 868 932 909 nisi
955 869 1207 923 contigisset
1228 869 1332 909 mihi
1350 884 1474 910 usum
1497 883 1643 910 earum

172 947 293 1002 quasi
331 948 582 1002 anticipare.
652 947 747 988 Hoc
779 947 892 988 enim
932 947 1067 989 debeo
1107 948 1291 989 eximiae
1323 947 1642 990 beniuolentiae

172 1025 444 1080 egregiorum
470 1027 684 1080 uirorum,
732 1027 805 1083 qui
833 1041 962 1068 manu
993 1027 1269 1083 scriptorum,
1313 1042 1418 1084 quos
1452 1027 1643 1083 posside-

171 1109 286 1157 rent,
328 1104 553 1147 thesauros
584 1105 820 1147 liberaliter
851 1105 1117 1147 recluserunt
1147 1106 1251 1147 mihi
1286 1112 1327 1148 et
1354 1107 1497 1148 Ennio
1532 1121 1643 1148 meo.

172 1182 230 1223 Et
259 1183 471 1225 Macrobii
501 1185 674 1241 quidem
704 1184 1002 1226 Saturnalibus
1037 1191 1127 1226 tum
1158 1185 1348 1227 nondum
1385 1186 1501 1227 foras
1533 1185 1644 1227 datis

172 1262 440 1304 LVDOVICVS
472 1263 635 1317 IANVS,
677 1278 855 1320 quarum
885 1279 987 1305 usus
1019 1264 1148 1317 foret,
1193 1264 1387 1320 pagellas
1416 1267 1532 1322 typis
1572 1280 1644 1307 ex—

170 1356 341 1396 pressas
381 1342 437 1383 ad
475 1358 543 1384 me
581 1344 832 1384 transmisit.
892 1343 963 1384 Ad
1008 1344 1212 1384 Varronis
1250 1343 1366 1385 locos
1402 1344 1646 1386 Florentini

173 1420 273 1461 libri
301 1421 445 1462 uarias
474 1421 680 1463 lectiones
708 1422 991 1463 LEONARDVS
1020 1421 1309 1464 SPENGELIVS
1341 1439 1397 1465 ex
1427 1439 1488 1477 ea,
1520 1439 1645 1480 quam

173 1499 312 1540 denuo
342 1499 557 1541 Henricus
576 1501 746 1542 Keilius
776 1502 1096 1542 accuratissime
1125 1501 1248 1555 fecit,
1279 1502 1521 1544 conlatione
1551 1518 1648 1544 mea

171 1579 312 1633 gratia
350 1581 579 1635 excerpsit.
640 1580 783 1636 Ipsius
820 1585 962 1620 autem
992 1580 1152 1621 KEILII
1191 1582 1382 1623 comitati
1426 1588 1645 1639 acceptam

172 1657 337 1711 refero,
376 1674 504 1714 quam
540 1674 563 1700 e
601 1659 813 1700 minorum
852 1659 1248 1713 grammaticorum,
1293 1659 1500 1714 Charisii,
1541 1661 1646 1703 Dio-

171 1736 330 1789 medis,
382 1737 566 1791 Donati,
620 1738 748 1779 Marii
790 1738 1025 1792 Victorini,
1083 1738 1366 1792 Cassiodorii,
1424 1740 1645 1781 codicibus

173 1816 409 1872 scripturae
454 1816 785 1873 discrepantiam
834 1817 1024 1858 exhibui.
1100 1817 1267 1859 Gellius
1310 1824 1352 1860 et
1395 1819 1646 1861 Priscianus

173 1900 375 1950 quantam
416 1902 583 1951 partem
625 1896 758 1937 Ennii
799 1896 1077 1951 reliquiarum
1117 1897 1359 1950 continent,
1411 1913 1504 1939 eam
1542 1898 1650 1949 ,mihi

174 1973 370 2014 codicum
400 1975 534 2029 copiis
553 1974 761 2015 MARTINI
781 1974 980 2014 HERTZII
1010 1975 1221 2016 instruere
1252 1975 1385 2017 licuit.
1446 1977 1483 2017 E
1514 1976 1644 2018 Nonii

174 2052 284 2093 libro
315 2052 650 2107 Bambergensi,
693 2054 812 2094 cuius
855 2054 1006 2094 mutila
1044 2053 1172 2095 hodie
1211 2055 1398 2097 conditio
1437 2056 1643 2111 plurimos

175 2131 307 2172 Ennii
338 2146 507 2187 quoque
538 2146 689 2172 uersus
721 2132 955 2188 absorpsit,
991 2139 1183 2187 tenuem,
1226 2149 1351 2190 quam
1382 2134 1438 2175 ad
1469 2135 1647 2175 annales

173 2209 428 2266 praebebat,
467 2211 704 2266 scripturae
742 2212 995 2252 uarietatem
1027 2212 1204 2253 CAROLI
1235 2213 1413 2255 HALMII
1453 2214 1649 2269 benigni-

175 2295 261 2331 tate
291 2289 459 2346 accepi:
506 2304 556 2330 eo
586 2304 690 2331 uero
722 2290 910 2345 largiora
943 2298 984 2332 et
1014 2291 1307 2347 splendidiora
1335 2293 1391 2334 ad
1425 2293 1647 2335 Ciceronis

176 2368 292 2409 locos
330 2367 524 2409 subsidia
562 2369 754 2410 eiusdem
783 2370 866 2410 uiri
895 2371 1252 2425 praestantissimi
1280 2373 1462 2412 eximiae
1492 2371 1646 2412 libera-

177 2447 287 2488 litati
331 2447 554 2489 debentur.
642 2448 808 2500 Quibus
853 2448 1066 2489 ALFREDI
1113 2450 1428 2490 FLECKEISENI
1475 2449 1648 2490 accede-

174 2527 249 2567 bat
292 2526 347 2567 ad
390 2527 596 2569 Catonem
638 2528 843 2569 maiorem
889 2534 1120 2584 apparatus
1163 2528 1438 2570 lautissimus.
1513 2527 1648 2569 Porro

178 2605 453 2661 Ilbergius
491 2607 536 2647 in
575 2607 729 2649 itinere
769 2606 1008 2648 Cassellani
1048 2608 1208 2649 codicis
1246 2606 1386 2648 Seruii
1424 2612 1588 2662 partem
1620 2621 1646 2647 a

178 2683 369 2738 Bergkio
399 2699 485 2726 non
516 2685 675 2726 editam
705 2686 891 2741 inspexit
921 2686 1110 2742 mihique
1143 2700 1250 2742 quae
1285 2684 1352 2725 his
1384 2684 1551 2726 laciniis
1592 2686 1648 2727 ad

179 2762 368 2804 Ennium
419 2763 746 2805 continebantur
798 2765 1097 2806 commodauit.
1173 2763 1372 2820 Denique
1428 2765 1646 2819 antiquam
