1762 3057
207 185 263 225 64
787 191 1097 227 ANNALIVM

922 302 967 345 V

345 368 619 414 Concurrunt
646 370 718 413 uel
745 370 804 413 uti
833 371 951 414 uenti
982 386 1079 416 cum
1111 373 1289 431 spiritus
1321 375 1458 420 austri

344 438 580 483 lmbricitor
610 438 845 498 aquiloque
873 454 954 483 suo
986 454 1083 484 cum
1111 442 1285 486 flamine
1315 446 1468 488 contra

225 511 305 549 425
346 506 449 550 Indu
484 507 590 551 mari
622 521 783 566 magno
816 508 974 552 [luctus
1004 510 1215 554 extollere
1245 514 1422 556 certant.

911 585 974 630 VI

342 651 436 694 Non
470 656 656 709 possunt
683 667 883 698 mussare
913 655 1011 699 boni
1045 657 1118 716 qui
1150 658 1308 701 famam

343 720 438 763 Nixi
467 720 640 765 militiae
670 721 806 766 multo
837 737 1047 782 peperere
1079 725 1228 770 labore

905 802 987 847 VII

343 901 351 909 .
508 903 517 912 .
591 904 600 912 .
923 886 1065 931 neque
1099 886 1286 930 corpora
1316 871 1439 915 firma

342 935 614 994 Longiscunt
643 938 873 998 quicquain

749 1103 956 1156 LIBER
1000 1104 1138 1156 XVIII

933 1229 950 1274 I

222 1303 303 1342 430
341 1295 615 1357 Degrumare
647 1298 788 1341 forum

203 1432 379 1471 cunctique
395 1431 516 1462 Latini.
546 1430 644 1472 [Aen.
658 1430 793 1472 X1745]
813 1432 939 1462 Ennius
959 1432 991 1462 in
1011 1431 1153 1472 septimo
1172 1430 1301 1461 dec-imo
1409 1431 1476 1472 (in
1491 1431 1573 1461 ΥΙΙ0
1591 1428 1682 1471 Sal.)

296 1478 323 1508 V
346 1477 535 1508 Macrobius
553 1477 621 1508 Sat.
643 1479 687 1508 VI
704 1479 723 1509 '2
744 1489 776 1519 p.
790 1478 856 1509 514
874 1478 948 1508 Juu.
977 1477 1122 1507 *diuersi
1144 1486 1264 1518 magno
1282 1487 1342 1507 ceu
1361 1476 1530 1516 quondam
1548 1476 1680 1507 turbine

203 1525 293 1553 uenti
321 1524 510 1565 Conliigunt
538 1524 774 1565 zephyrusque
803 1531 966 1563 notusque
1001 1530 1030 1553 vt
1061 1523 1167 1553 laetus
1192 1523 1271 1553 Eois
1298 1523 1404 1553 Eurus
1433 1523 1539 1562 equis.
1578 1521 1678 1564 [Aen.

203 1570 232 1599 ΙΙ
250 1568 332 1610 416]
360 1571 486 1600 Ennius
506 1571 539 1600 in
557 1571 701 1612 septimo
727 1570 856 1601 decimo
881 1595 906 1600 ..
923 1571 947 1600 .’
1048 1570 1090 1599 VI
1117 1568 1337 1610 Philargyrus
1354 1569 1387 1599 in
1406 1568 1527 1610 Georg.
1551 1569 1595 1599 IV
1616 1567 1680 1600 188

204 1622 211 1630 ⁸
225 1622 413 1646 mussant
434 1616 486 1646 liic
505 1622 722 1647 murmurant.
759 1616 849 1653 Quae
866 1626 932 1647 uox
956 1616 1091 1657 ponitur
1111 1622 1139 1645 et
1161 1616 1193 1645 in
1214 1615 1346 1645 tacendi
1367 1614 1624 1657 significatione,
1647 1620 1679 1644 ut

202 1662 293 1703 apud
311 1663 454 1693 Ennium
475 1663 506 1692 in
526 1662 620 1693 XVII
752 1662 875 1693 Paulus
896 1662 985 1693 Festi
1009 1672 1042 1703 p.
1063 1662 1128 1693 144
1145 1661 1188 1692 M.
1220 1668 1446 1699 *mussare‚
1470 1670 1679 1692 murmurare

202 1708 345 1739 Ennius:
376 1707 437 1749 [VI
460 1708 500 1739 fr.
524 1708 584 1749 VI]
613 1709 715 1750 uulgo
744 1718 824 1739 uero
851 1718 912 1750 pro
936 1715 1046 1739 tacere
1071 1708 1211 1743 dicitur,
1241 1713 1277 1738 ut
1302 1708 1392 1739 idem
1416 1707 1563 1738 Ennius:
1602 1716 1679 1738 non

202 1755 275 1785 dec
290 1761 326 1785 et
349 1764 538 1785 mussare
561 1756 715 1786 bonos.’
743 1756 837 1786 Hune
857 1754 1061 1785 uersiculum
1086 1764 1149 1785 non
1169 1754 1341 1785 diuersum
1360 1764 1433 1785 esse
1455 1753 1496 1783 ab
1519 1762 1558 1784 eo
1581 1763 1679 1793 quern

201 1800 399 1842 Philargyro
419 1801 580 1832 debemus
593 1801 630 1833 O.
643 1801 824 1832 Muellerus
842 1801 1008 1832 intellexit
1027 1800 1070 1831 ad
1080 1801 1214 1831 Festum
1232 1810 1265 1841 p.
1278 1799 1356 1832 384.
1384 1799 1523 1831 Seruius
1541 1799 1575 1829 in
1591 1800 1677 1830 Aen.

201 1846 261 1877 XII
288 1847 354 1878 657
391 1847 537 1878 'Ennius
562 1858 749 1878 mussare
779 1857 839 1888 pro
865 1854 974 1877 tac-ore
1003 1847 1139 1887 posuit!
1237 1847 1299 1877 VII
1326 1846 1454 1877 Nonius
1478 1856 1511 1887 p.
1537 1844 1615 1881 134,
1638 1844 1680 1877 19

202 1893 394 1934 ‘longisc
407 1903 492 1931 ere,
522 1894 658 1936 longum
677 1893 748 1924 fieri
773 1894 825 1924 uel
849 1893 1015 1935 frangere.
1050 1893 1177 1923 Ennius
1206 1892 1264 1922 lib.
1284 1892 1379 1923 XVII
1407 1892 1473 1922 ...'
1500 1892 1589 1933 (Anz
1610 1890 1677 1922 uel

202 1939 456 1980 languere?)

247 2008 360 2038 LissER
382 2007 490 2037 XVIII
541 2007 553 2036 Ι
574 2006 842 2048 Noniusp.63.8
865 2014 1053 2048 *grumae
1074 2012 1149 2037 suut
1168 2006 1240 2036 loca
1255 2006 1366 2037 media
1383 2006 1414 2036 in
1432 2016 1516 2045 quae
1532 2005 1678 2036 directae

201 2059 355 2093 quattuor
374 2058 620 2094 congregantur
638 2058 668 2083 et
688 2054 888 2083 conueniunt
911 2054 999 2083 niae.
1033 2053 1091 2083 Est
1108 2057 1218 2082 autem
1238 2062 1283 2093 gr
1293 2062 1313 2082 u
1323 2062 1383 2082 uia
1402 2062 1558 2083 mensura
1576 2061 1678 2092 quae—

202 2099 278 2130 dam
297 2109 362 2139 qua
382 2099 448 2129 fixa
470 2099 545 2129 niae
564 2099 607 2129 ad
631 2099 753 2130 lineam
774 2100 1039 2141 dirigantur,
1071 2104 1103 2128 ut
1125 2105 1171 2129 est
1195 2099 1461 2139 agrimensorum
1490 2105 1518 2129 et
1546 2098 1674 2128 talium.

199 2224 355 2250 ‘mcmnus
376 2215 426 2249 acl
439 2214 551 2252 chcr,
583 2214 639 2250 VI
656 2218 745 2252 1260
860 2219 1085 2260 exortusque
1103 2213 1198 2250 Med.
1316 2215 1497 2259 utrimque
1516 2212 1677 2268 Merulq.

201 2272 364 2317 utrisque
386 2271 469 2305 libri
580 2274 648 2308 423
675 2273 783 2306 uoluti
808 2271 891 2305 libri
1030 2274 1097 2308 425
1126 2270 1215 2306 indu
1236 2269 1396 2305 Merula.
1427 2269 1513 2304 inde
1534 2269 1675 2314 Anylie.

202 2327 334 2362 Salisb.
351 2327 444 2361 Par.
460 2327 560 2362 Med.
582 2339 603 2361 (ι
625 2328 645 2360 Ι)
666 2338 685 2360 (τ
801 2338 936 2372 niagno
958 2329 1098 2373 Anylie.
1117 2327 1248 2362 Salis-b.
1271 2338 1428 2372 magnos
1443 2326 1534 2361 Par.

200 2386 267 2421 426
286 2396 341 2429 sq.
375 2385 509 2418 samam
534 2410 563 2418 ..
578 2410 585 2417 .
610 2384 689 2418 Nixi
713 2384 862 2418 militiae
885 2385 996 2418 multo
1024 2396 1059 2430 p.
1085 2385 1209 2418 labore
1230 2383 1415 2428 Berylczus
1435 2381 1590 2428 Epkem.
1613 2382 1674 2416 liu.

201 2440 288 2474 Hal.
312 2443 400 2477 1842
421 2439 465 2474 II
483 2443 564 2476 230.
594 2441 724 2473 lat-tam
756 2441 879 2475 labore
907 2440 1004 2474 enixi
1036 2440 1199 2474 militiam
1226 2450 1263 2484 p.
1291 2439 1548 2485 Philaryyrus.
1582 2438 1676 2472 saeta

201 2497 324 2531 labore
349 2497 431 2530 Nixi
459 2497 610 2531 militiae
633 2508 669 2541 p,
695 2496 731 2530 J.
753 2496 877 2531 Dousa
901 2495 1021 2530 Plaul.
1044 2496 1209 2542 Explcm.
1236 2494 1300 2529 IV
1317 2498 1361 2532 14
1499 2496 1568 2530 429
1599 2494 1674 2528 lan-

201 2554 349 2598 giscunt
375 2552 406 2587 T
405 2552 441 2586 Ιι.
461 2551 605 2598 Huyz'us
739 2555 810 2590 430
841 2552 1064 2598 degrumare
1088 2553 1222 2595 sorum]
1254 2550 1306 2596 ef.
1325 2550 1492 2596 Hyyinus
1513 2550 1557 2584 de
1577 2550 1675 2584 limit.

195 2620 236 2653 p.
262 2612 326 2647 180
346 2608 497 2643 Laelzm.
535 2610 589 2643 ‘in
615 2610 746 2643 castris
775 2620 903 2655 yroma
924 2610 1077 2654 ponitur
1108 2610 1145 2643 in
1176 2611 1382 2649 tetrantem,
1411 2617 1483 2651 qua
1506 2606 1601 2640 uelut
1627 2605 1678 2640 ad

198 2664 354 2709 forum
385 2666 647 2700 conueniatur.⁷
692 2665 904 2710 degrutnari
941 2666 1076 2698 serrum
1106 2664 1258 2699 Nonius.
1285 2662 1510 2708 Interpolata
1544 2671 1674 2707 gruma

202 2720 363 2765 dirigere
384 2732 459 2766 pro
489 2721 669 2755 Ennianis
693 2721 918 2756 uenditantes
950 2720 1143 2755 Mercerus
1171 2723 1205 2754 et
1226 2718 1370 2754 Merula
1400 2718 1575 2763 proxima
1602 2718 1673 2752 sic.-

203 2775 415 2821 degrumari
437 2779 531 2819 (siue
553 2777 795 2822 degrumare)
822 2787 911 2811 uero
934 2777 1095 2811 Lucilius
1117 2775 1308 2811 emendant
