1762 3057
229 202 325 231 XCII
760 196 1177 239 QVAES'rloNEs

230 306 445 343 ostendunt.
508 304 580 341 Vel
617 304 713 341 haec
755 296 845 349 τοὺς
873 306 946 353 μῦς
976 299 1100 350 Αἶνος
1135 303 1208 354 ἔχει
1245 300 1455 356 μεγάλους,
1490 297 1643 356 ὄστρεῑα
1668 298 1705 342 δ’

219 369 400 426 ’Ἀβυὸὀς.,
436 369 511 420 Τὰς
542 369 708 424 ἄρκτους
731 368 900 423 Πάριον,
934 367 1023 420 τοὺς
1054 373 1095 412 δὲ
1123 370 1259 421 κτένας
1288 371 1312 424 ἡ
1343 371 1570 426 Μιτυλήνη,
1597 376 1711 414 Πλεί-

230 457 342 490 στυυς
377 438 413 481 ‹5'
445 437 661 494 Ἀμβρακία
705 438 864 493 παρέχει
900 456 982 481 cum
1014 444 1071 481 his
1103 444 1284 482 Ennianis
1317 457 1528 496 compone:
1587 459 1711 483 mures

229 524 311 553 sunl
336 519 444 561 Aeni3
478 518 596 562 spissa
626 523 747 551 oslrea
778 519 944 562 plurima
975 518 1107 564 Abydi„
1139 519 1207 553 Est
1225 524 1356 565 pecten
1386 519 1586 566 Mitylenae
1612 528 1646 553 e.
1671 528 1707 565 q.

231 597 260 620 s.
299 590 334 620 et
367 578 548 622 πώλυποι
577 583 620 622 ἔν
648 598 685 622 τε
719 583 838 638 Θάσῳ
866 583 932 622 καὶ
958 584 1088 638 Καρίᾳ
1120 585 1217 624 εἰσὶν
1248 583 1398 637 ἄριστοι
1422 585 1498 624 Καὶ
1528 581 1711 638 Κέρκυρα

230 649 358 704 τρέφει
388 648 554 700 πολλοὺς
590 651 782 705 μεγάλους
812 668 850 692 τε
887 649 929 693 τὸ
958 658 1112 705 πλῆθος
1147 668 1230 694 cum
1259 656 1390 694 Ennii:
1429 659 1590 704 polypus
1621 658 1707 694 Cor-

230 738 365 773 cyrae,
398 728 566 762 caluaria
594 729 744 773 pinguia
771 738 963 774 (warnae,
996 729 1175 775 Purpura
1212 730 1381 763 mzcrz'ezclz'
1409 739 1554 771 maresc,
1586 729 1710 763 dulces

229 807 368 843 quoqne
409 798 536 832 echini.
596 795 654 832 De
694 794 830 832 linibus
872 801 996 832 autem
1036 807 1080 832 ac
1129 797 1291 834 consilio
1333 796 1508 833 carminis
1550 791 1714 833 Enniani

229 867 319 904 nihil
353 867 443 904 licet
477 879 524 903 ex
554 878 627 903 uno
659 866 761 916 quod
803 865 1018 915 Appuleius
1050 866 1200 904 tradidit
1234 867 1447 916 fragmento
1484 866 1705 915 conligere:

231 950 302 975 nec
338 937 430 974 illud
467 937 719 974 confidentius
757 936 982 973 adfirmarim
1023 942 1167 985 partem
1202 943 1413 975 saturarum
1454 949 1566 985 esse,
1616 936 1708 973 licet

230 1008 354 1044 Varro
386 1008 420 1044 in
448 1009 585 1044 saturis
615 1005 703 1057 περὶ
733 1002 952 1056 ἐδεσμάτων
984 1007 1114 1054 egisse
1145 1007 1327 1046 tradatur.
1388 1008 1438 1046 At
1471 1019 1607 1044 uersus
1633 1006 1707 1044 En-

231 1079 329 1115 niani
361 1078 601 1115 multifariam
634 1090 678 1115 ac
711 1076 827 1114 foede
860 1088 941 1113 cum
974 1076 1213 1114 librariorum
1246 1079 1389 1117 incuria
1419 1085 1496 1116 tum
1527 1077 1706 1115 socordia

230 1149 417 1186 editorum
451 1148 649 1198 deprauati
690 1146 1078 1185 circumferebantur:
1123 1148 1184 1197 qui
1218 1148 1369 1198 quidem
1403 1148 1614 1198 quamlibet
1640 1148 1707 1186 he-

229 1225 488 1257 xametrorum
518 1218 723 1265 licentiam,
766 1218 872 1254 cuius
900 1217 990 1255 alibi
1030 1230 1101 1256 nec
1131 1219 1218 1256 uola
1254 1231 1326 1256 nec
1357 1219 1561 1268 uestigium
1592 1219 1706 1269 adpa-

230 1289 361 1337 rebat5
387 1289 443 1326 his
473 1288 651 1326 uersibus
683 1288 902 1325 concedere
934 1299 1008 1325 uon
1038 1288 1266 1326 dubitarunt.
1329 1290 1450 1336 Quam
1480 1301 1556 1339 ego
1589 1289 1706 1327 licen-

229 1361 316 1398 tiam
349 1372 498 1397 omnem
531 1358 661 1409 expuli
695 1358 953 1407 confidenter,
1005 1359 1101 1396 adeo
1145 1372 1192 1397 ne
1223 1361 1419 1397 audaciam
1450 1359 1603 1410 quidem
1639 1359 1705 1397 ali-

231 1442 339 1480 quam
391 1442 473 1467 cum
521 1430 667 1467 ratione
705 1429 908 1467 adhibitam
957 1430 1235 1467 reformidans:
1287 1431 1319 1466 in
1369 1440 1443 1479 quo
1489 1441 1631 1467 uereor
1668 1435 1707 1466 ut

232 1513 421 1550 prospere
457 1501 577 1536 omnis
612 1499 699 1536 mihi
740 1500 955 1537 emendatio
989 1502 1173 1538 cesserit:
1214 1500 1326 1537 modo
1368 1499 1458 1537 illud
1491 1500 1701 1546 effecerim5

233 1578 270 1608 ut
299 1584 344 1607 ne
379 1572 462 1621 quis
493 1570 557 1607 illa
589 1576 693 1607 certa
731 1576 845 1620 atque
879 1571 1017 1609 intacta
1049 1571 1262 1621 praedicet.

824 1737 990 1776 CAPVT
1020 1737 1109 1776 v111

341 1851 501 1890 Restant
532 1850 606 1888 duo
636 1850 721 1887 libri
753 1849 934 1899 Enniani,
969 1851 1016 1888 de
1049 1850 1184 1899 quibus
1212 1849 1440 1887 breuissime
1472 1860 1701 1900 expromere

228 1922 453 1959 sententiam
493 1921 634 1970 placet.
705 1919 1034 1969 Epicharmus
1067 1920 1169 1969 (nam
1218 1921 1248 1956 is
1281 1926 1339 1957 est
1369 1920 1466 1958 alter
1495 1931 1627 1957 eorum
1660 1919 1701 1956 li-

229 1992 402 2041 brorum)
437 1992 506 2028 iam
539 1989 700 2027 dubitari
731 1991 862 2039 nequit
892 1991 980 2039 quin
1012 2002 1086 2027 uno
1122 1996 1243 2027 metro
1277 1990 1475 2028 trochaico
1508 1990 1700 2040 perscrip-

229 2068 288 2098 tus
333 2061 466 2107 fuerit,
517 2072 599 2096 cum
648 2065 685 2097 et
728 2072 858 2097 (nunes
901 2061 963 2110 qui
1007 2061 1168 2098 citantur
1213 2072 1260 2097 ex
1298 2059 1528 2110 Epicharmo
1566 2071 1700 2097 uersus

229 2131 327 2168 hunc
348 2141 540 2167 numerum
566 2129 739 2179 prodant,
766 2136 803 2167 et
831 2140 899 2166 eos
923 2140 1018 2178 quos
1045 2130 1133 2167 olim
1160 2130 1221 2167 hic
1242 2128 1560 2167 circumferebant
1585 2128 1701 2166 hexa-

227 2206 371 2238 metros
407 2199 517 2236 nobis
543 2200 848 2249 persuaserimus
875 2212 923 2236 ex
946 2200 1131 2237 annalium
1155 2200 1315 2237 exordio
1343 2199 1565 2250 desumptos
1590 2211 1699 2236 esse:

231 2271 279 2308 cf.
313 2282 348 2320 p.
387 2269 495 2307 XXII
535 2282 592 2319 sq.
655 2270 733 2307 Sed
773 2271 828 2307 eis
865 2271 1022 2307 remotis
1062 2282 1108 2307 eo
1144 2270 1336 2307 difficilius
1381 2275 1438 2307 est
1478 2268 1524 2306 de
1569 2268 1698 2306 indole

230 2340 406 2377 carminis
437 2339 562 2389 deque
605 2350 647 2376 ea
688 2340 857 2387 ratione7
896 2352 994 2390 quae
1032 2340 1192 2378 Ennium
1229 2341 1326 2377 inter
1362 2346 1400 2377 et
1432 2338 1700 2389 Epicharmum

231 2410 516 2457 intercesserit2
550 2409 732 2446 iudicare.
794 2408 885 2447 Nam
917 2411 1017 2460 quod
1050 2410 1208 2448 Ennium
1240 2409 1321 2446 siue
1346 2408 1521 2458 dispersa
1552 2409 1587 2445 in
1608 2408 1698 2458 Epi-

229 2479 370 2517 charmi
402 2478 871 2528 comoediisphilosophe
915 2480 1014 2517 dicta
1051 2479 1283 2529 compilasse
1321 2479 1403 2515 siue
1443 2477 1488 2515 ab
1523 2478 1606 2515 aliis
1643 2478 1697 2515 in·

229 2549 391 2585 stitutam
445 2547 782 2598 Epicharmearum
827 2549 1098 2586 sententiarum
1149 2549 1431 2586 conlectionem
1477 2547 1696 2585 adhibuisse

229 2618 310 2653 siue
343 2617 507 2667 denique
534 2617 765 2666 singularem
793 2617 1011 2667 Epicharmi
1046 2617 1133 2669 περὶ
1175 2615 1326 2667 φύσεως
1357 2616 1492 2654 librum
1533 2628 1693 2655 conuer-

228 2686 320 2722 tisse
350 2687 519 2724 arbitrati
565 2693 672 2735 sunt,
718 2699 852 2724 eorum
902 2688 988 2724 nihil
1027 2691 1085 2724 est
1139 2685 1241 2735 quod
1282 2686 1410 2735 aliquo
1448 2686 1692 2736 reliquiarum

230 2755 392 2792 adsensu
416 2756 701 2806 comprobetur.
751 2756 800 2793 At
819 2755 961 2793 Ennius
989 2756 1099 2792 etiam
1122 2755 1152 2790 si
1173 2754 1360 2803 quaedam
1389 2754 1435 2792 ab
1458 2754 1690 2804 Epicharmo
