1762 3057
166 173 220 213 56
751 180 1056 215 ANNALIVM

729 355 938 408 LIBER
981 355 1081 408 XIII

898 494 914 538 Ι

181 576 261 615 370
301 606 309 614 .
383 605 392 614 .
465 570 577 614 satin
608 572 731 615 nates
758 574 913 616 nerant
939 575 1081 617 aetate
1108 573 1150 617 in
1183 573 1388 632 agenda?

920 660 939 684 *

300 729 428 790 Isque
453 729 741 789 Hellesponto
768 662 946 790 pontltim
970 731 1190 776 contendit
1218 730 1258 775 in
1287 731 1388 776 alto.

299 886 395 941 Quo
428 903 499 933 res
529 903 662 947 sapsa
692 889 788 934 Ioco
814 905 915 935 sese
939 891 1219 950 ostentatque
1245 889 1451 950 iubetque

297 1045 485 1091 Annibal
515 1048 668 1093 audaci
695 1064 792 1094 eum
821 1053 999 1109 pectore
1026 1050 1079 1094 de
1105 1064 1172 1094 me
1201 1049 1399 1094 hortatur

297 1115 357 1160 Ne
384 1115 542 1160 bellum
572 1117 749 1162 faciam:
786 1134 914 1179 quem
945 1118 1125 1164 eredidit
1157 1133 1258 1163 esse
1286 1132 1430 1163 meum
1463 1133 1538 1162 cor

175 1188 256 1227 375
295 1183 534 1229 Suasorem
565 1200 782 1231 summum
813 1191 854 1232 et
884 1188 1131 1233 studiosum
1157 1187 1316 1232 robore
1345 1186 1458 1231 belli.

877 1279 921 1322 V

295 1342 518 1388 Matronae
545 1359 721 1391 moeros
747 1348 965 1406 complent
993 1349 1192 1406 spectare
1218 1347 1431 1391 fauentes.

201 1491 315 1522 [ABER
340 1490 416 1521 XIII
466 1493 477 1522 Ι
505 1492 633 1524 Gellius
659 1494 767 1525 XVIII
797 1496 817 1526 2
852 1496 1061 1535 ‘quaesitum
1095 1494 1159 1525 hoe
1193 1499 1261 1531 est,
1293 1493 1433 1525 uerbum
1467 1499 1636 1530 nerant,

155 1537 245 1577 qnod
274 1537 441 1579 signifieat
474 1549 555 1570 nera
588 1540 719 1577 dieunt,
760 1542 916 1581 quisnam
950 1548 1103 1573 ueterum
1137 1542 1313 1582 poetarum
1347 1540 1497 1571 dixerit?
1523 1558 1569 1563 —-
1593 1557 1638 1563 —-

156 1583 260 1615 Nemo
281 1584 369 1615 enim
388 1588 456 1614 tum
476 1588 748 1618 eommeminerat
761 1612 768 1625 ‚
803 1588 928 1619 dietum
950 1599 1024 1619 esse
1044 1598 1063 1618 a
1081 1587 1118 1624 Q.
1140 1588 1248 1618 Ennio
1266 1587 1301 1617 id
1321 1587 1460 1618 uerbum
1487 1588 1520 1618 in
1540 1588 1636 1618 tertio

155 1630 286 1661 decimo
316 1630 487 1661 annalium
515 1632 547 1662 in
577 1633 640 1663 isto
668 1644 788 1665 uersu:
824 1635 927 1665 satin'
957 1646 985 1665 e.
1016 1645 1046 1674 q.
1075 1644 1102 1664 s.
1200 1634 1227 1664 ll
1256 1634 1364 1663 Varro
1392 1633 1434 1664 de
1458 1633 1495 1664 L.
1517 1633 1556 1664 L.
1577 1633 1636 1664 VII

155 1676 195 1707 21
210 1676 252 1707 M.
279 1680 286 1691 ‘
301 1676 399 1716 qnasi
418 1677 676 1719 Hellespontum
698 1686 729 1711 et
747 1680 910 1711 claustra:
931 1681 1089 1713 claustra.
1111 1680 1201 1720 qnod
1219 1679 1352 1711 Xerxes
1374 1680 1542 1719 qnondam
1562 1689 1637 1711 eum

155 1722 264 1753 loenm
283 1722 421 1758 clansit;
450 1733 525 1754 nam
552 1731 586 1755 nt
604 1726 732 1757 Ennius
753 1727 815 1757 ait:
841 1727 954 1766 isque*
979 1738 1006 1758 e.
1031 1738 1062 1767 q⁴
1084 1737 1111 1758 s.
1153 1727 1185 1756 In
1214 1726 1303 1757 hnne
1328 1725 1450 1757 librum
1472 1726 1637 1768 relegauit.

155 1768 282 1799 Merula
376 1769 417 1799 III
446 1769 566 1801 Festus
593 1782 626 1813 p.
655 1771 721 1804 325
744 1772 786 1803 M.
825 1780 909 1804 *sas
939 1774 1079 1805 Verrius
1109 1777 1204 1814 putat
1236 1772 1429 1814 significare
1463 1782 1520 1803 eas
1552 1777 1635 1803 teste

154 1815 272 1851 Ennio,
295 1815 351 1853 qni
371 1815 460 1846 dieat
479 1816 511 1847 in
530 1817 550 1847 l.
570 1818 596 1848 I:
624 1817 734 1860 [LX].
764 1829 838 1850 cum
859 1830 937 1850 snas
958 1820 1068 1861 magis
1085 1819 1242 1850 uideatur
1260 1818 1466 1860 significare.
1491 1818 1551 1850 sed
1571 1819 1635 1849 uti-

153 1871 216 1900 que
235 1861 387 1892 eiusdem
407 1861 428 1891 l.
446 1861 501 1893 UII
519 1862 693 1895 fatendum
713 1870 763 1895 est
778 1876 851 1896 eam
869 1866 1054 1907 significari
1070 1876 1144 1895 enm
1163 1865 1226 1895 ait:
1248 1864 1321 1906 [VII
1338 1864 1379 1895 fr.
1396 1863 1437 1906 11]
1460 1865 1539 1896 item
1560 1875 1633 1895 cum

151 1908 197 1937 ait
218 1917 385 1948 sapsam
405 1918 466 1949 pro
485 1909 561 1950 ipsa
582 1920 642 1941 neo
660 1910 745 1943 alia.
782 1912 872 1951 qnod
889 1912 981 1952 ponit
1005 1912 1036 1941 in
1057 1912 1077 1941 l.
1099 1911 1172 1942 XIII
1196 1911 1260 1941 ...’
1300 1911 1423 1941 Paulus
1449 1921 1482 1952 p.
1506 1910 1571 1943 324
1590 1910 1632 1941 M.

152 1957 300 1994 ‘sapsa
320 1954 407 1994 ipsu.
433 1954 525 1985 Idem
536 1956 682 1987 Ennius:
699 1958 780 1996 qno'
799 1968 827 1987 e.
843 1968 912 1997 q.s.
1013 1958 1056 1987 IV
1081 1957 1209 1988 Gellius
1230 1957 1291 1987 VII
1310 1958 1329 1988 2
1351 1957 1503 1998 ‘scripsit
1523 1962 1631 1987 antem

151 1998 355 2033 Caesellius,
393 1998 429 2036 Q.
459 2001 602 2032 Ennium
631 2003 663 2033 in
691 2002 767 2033 XIII
787 2003 872 2034 libro
905 2003 1093 2033 nnnalinm'
1119 2003 1197 2044 (XII
1226 2003 1410 2033 deteriores
1438 2003 1526 2033 libri.
1557 2003 1632 2034 XIII

149 2054 234 2075 corr.
260 2049 295 2074 nt.
322 2045 392 2075 uid.
422 2056 463 2076 ex
489 2046 549 2078 XII
568 2046 666 2083 Vat.)
692 2052 768 2079 ‘eor
797 2050 926 2079 dixisse
953 2049 1142 2080 masculino
1165 2059 1300 2091 genere.
1338 2049 1452 2080 Verba
1475 2049 1631 2081 Caesellii

148 2091 300 2121 subiecta
319 2096 411 2121 sunt:
438 2093 624 2125 masculino
645 2104 766 2136 genere
789 2105 864 2134 cor,
892 2101 923 2125 nt
944 2096 1049 2126 multa
1068 2092 1155 2134 aliaJ
1181 2095 1364 2126 enuntianit
1384 2096 1528 2126 Ennius:
1556 2105 1632 2126 nam

149 2138 181 2167 in
199 2137 275 2168 XIII
293 2137 406 2168 annali
421 2148 519 2177 quem
535 2149 591 2170 eor
612 2140 710 2171 dixit.
740 2142 759 2173 5
782 2142 946 2183 Ascripsit
964 2142 1086 2173 deinde
1105 2152 1224 2173 uersus
1240 2142 1339 2172 Ennii
1361 2142 1444 2173 dno:
1467 2141 1560 2184 [373.
1573 2139 1631 2183 74]

150 2183 335 2214 Antiochus
355 2188 404 2214 est
423 2184 478 2223 qni
502 2184 566 2216 hoc.
584 2186 665 2217 dicit
685 2187 786 2218 Asiae
805 2189 881 2219 rex*
906 2200 933 2218 v.
957 2199 987 2228 q.
1010 2199 1037 2218 s.
1080 2188 1164 2219 ‘hoe
1185 2187 1372 2219 Caesellius
1395 2188 1551 2228 quidem,
1572 2187 1629 2218 sed

148 2229 242 2260 alind
271 2229 370 2271 longe
397 2230 536 2261 Ennius.
575 2232 596 2263 9
618 2233 700 2263 Nam
730 2238 795 2264 tres
824 2245 941 2265 uersus
968 2240 1061 2267 snnt,
1090 2244 1153 2265 non
1182 2235 1246 2265 dno
1269 2234 1311 2265 ad
1332 2234 1418 2265 hant·
1439 2234 1537 2265 Ennii
1556 2243 1629 2265 sen-

147 2276 283 2307 tentiam
317 2276 540 2318 pertinentes,
583 2289 623 2309 ex
655 2280 776 2319 quibus
804 2282 938 2312 tertium
973 2291 1109 2312 uersum
1145 2280 1331 2312 Caesellius
1367 2290 1428 2311 non
1463 2280 1629 2321 respexit:

148 2321 241 2364 [2373.
262 2322 317 2353 74.
342 2321 425 2364 75].’
450 2323 577 2355 Nonius
593 2335 626 2367 p.
650 2324 723 2359 195,
742 2326 783 2357 19
802 2331 890 2358 ‘cor
907 2328 1041 2369 generis
1063 2332 1111 2357 est
1132 2328 1250 2358 nentri.
1272 2331 1306 2357 nt
1323 2327 1461 2357 dnbinm
1482 2335 1547 2357 non
1567 2331 1628 2357 est.

146 2368 323 2399 Masenlini
338 2369 466 2401 Ennius
486 2369 648 2402 Iib.XIII:
674 2371 767 2413 [373.
791 2371 875 2415 74].’
972 2374 999 2404 V
1021 2373 1161 2405 Seruius
1180 2374 1344 2415 inGeorg.
1371 2375 1381 2404 I
1403 2373 1443 2405 18
1463 2372 1630 2404 ‘fauere

198 2486 268 2521 370
295 2495 427 2521 uersus
454 2490 489 2521 at
514 2488 658 2523 inuates
683 2488 775 2535 Rey.
797 2501 909 2525 uersu
935 2494 1137 2526 sannnates
1158 2489 1273 2535 chqd.
1298 2500 1422 2523 uersu.
1445 2493 1503 2523 sat
1524 2489 1628 2523 Inua-

144 2544 198 2575 tes
228 2540 331 2576 Voss.
359 2541 410 2588 cf.
432 2553 549 2589 supra
691 2547 760 2582 372
787 2551 949 2582 ostentat
968 2547 1126 2588 Ραῑιῖιιε,
1160 2547 1227 2581 rel.
1250 2556 1319 2580 om.
1463 2546 1532 2581 373
1554 2545 1627 2579 An-

143 2597 241 2631 nibal
261 2596 361 2632 Leid.
382 2599 502 2635 Nonii.
520 2601 702 2637 Hannibal
719 2604 831 2638 ceteri
845 2603 964 2646 Nonii,
984 2603 1116 2638 Gellius
1219 2601 1364 2636 landaei
1384 2601 1522 2636 Nonius

143 2667 241 2710 eum]
264 2666 350 2702 dum
372 2669 454 2703 libri
477 2670 579 2705 Gellii
601 2675 620 2712 ἕ
646 2674 680 2708 9.
713 2683 772 2707 um
807 2672 958 2708 Nonius.
987 2674 1081 2707 inter
1107 2672 1239 2708 audaci
1261 2675 1295 2707 el
1314 2671 1418 2706 dnm:
1456 2670 1523 2720 [ja—ff
1540 2655 1625 2702 diret

144 2721 310 2757 Rollend.
330 2724 432 2759 Gellii
446 2729 466 2767 5
482 2729 503 2763 9
599 2728 749 2772 peciore
769 2728 937 2763 Rollend.
957 2729 1060 2764 Gellii
1072 2731 1092 2769 ,ξ
1110 2733 1130 2765 5
1218 2727 1443 2771 dehortatur,
1462 2740 1529 2764 om.
1552 2742 1623 2772 me,

142 2777 224 2812 libri
239 2778 340 2814 Gellii
360 2783 379 2821 §
396 2785 430 2818 5.
449 2773 543 2817 ''de''
563 2794 620 2817 me
640 2783 805 2819 hortatur
834 2784 913 2819 Vat.
933 2788 953 2826 §
967 2787 988 2822 9
1010 2776 1049 2828 (H
1065 2776 1087 2790 ''
1106 2795 1154 2819 m.
1172 2786 1267 2827 ree.)
1382 2785 1450 2823 376
1475 2797 1623 2823 moeros
