1762 3057
677 202 980 237 ENNIANAE
1409 209 1562 238 XXXIII

91 311 215 349 locum
247 311 423 349 habuerit
451 312 496 349 sr.
527 310 661 359 XLVI,
691 323 915 361 quamquam
938 322 1080 349 uereor
1105 317 1143 349 ut
1180 312 1214 348 in
1250 310 1412 348 similem
1442 310 1561 349 Hora-

90 382 216 419 tianae
249 383 474 419 sententiam
506 381 604 431 apud
639 381 797 418 Ennium
830 381 921 419 luno
954 383 1134 420 orauerit.
1198 381 1340 419 Infesta
1373 381 1471 418 enim
1497 393 1559 418 an-

88 451 243 501 tiquitus
275 450 453 489 Romanis
487 451 557 488 dea
585 452 674 489 iram
706 453 741 489 in
771 453 943 491 secundo
974 452 1123 490 demum
1156 451 1261 490 bello
1292 451 1435 489 Punico
1465 451 1560 489 deli-

85 521 190 558 niuit.
237 520 295 559 Cf.
328 522 486 559 Seruius
528 523 563 559 in
595 522 691 559 Aen.
723 522 738 559 1
770 522 873 560 251:
921 526 1008 561 bello
1038 526 1179 561 Punico
1219 525 1398 568 secundo,
1436 529 1475 559 ul
1512 526 1562 559 ait

84 594 244 636 Ennius,
292 596 441 640 placata
484 595 577 630 Iuno
623 596 782 641 coeperit
812 594 948 640 fauere
992 595 1169 630 Romanis
1206 591 1316 641 (VIII
1360 591 1405 629 fr.
1450 590 1558 642 XV).

85 661 183 708 Quid
217 663 331 711 igitur
359 669 434 700 tum
463 662 617 712 incipiat
648 662 796 709 fauere7
825 674 923 711 quae
950 662 1019 699 iam
1051 668 1138 699 ante
1165 662 1345 700 Romanis
1379 668 1416 699 ut
1450 662 1560 710 regni

84 732 178 770 lines
210 733 286 771 late
328 733 548 783 proferrent
581 730 851 769 concesserit?
883 731 959 768 Sed
993 732 1119 769 Seruii
1166 732 1259 769 illud
1302 732 1557 768 testimonium

83 814 166 840 cum
198 804 395 841 conseram
425 815 508 840 cum
536 802 657 840 altera
686 813 785 851 quae
820 801 943 839 eidem
973 801 1136 839 debetur
1167 802 1349 839 memoria
1385 802 1420 839 in
1457 801 1555 838 Aen.

83 871 97 909 l
134 872 207 911 20:
246 879 282 911 in
313 878 433 912 Ennio
469 878 561 911 enim
595 876 779 911 inducitur
820 874 989 921 Iuppiter
1014 876 1230 919 promittens
1271 874 1449 909 Romanis
1491 884 1555 909 ea*

82 945 214 980 ciclimn
260 946 490 992 Carthaginis
535 942 645 993 (Vlll
687 942 732 980 fr.
773 942 909 993 XIV),
959 943 994 979 in
1043 948 1183 979 octauo
1232 953 1387 991 quoque
1434 941 1558 979 annali

81 1013 111 1049 si
129 1024 204 1051 non
223 1014 375 1064 plenum
394 1025 619 1051 consessum
640 1013 814 1061 deorum,
838 1019 875 1050 at
898 1024 1097 1050 sermones
1117 1012 1247 1050 Iouem
1272 1013 1370 1050 inter
1389 1019 1426 1050 et
1445 1012 1555 1051 Iuno-

82 1095 165 1120 nem
207 1084 375 1122 describi
414 1084 614 1121 coniciam.
678 1083 807 1131 Quare
844 1083 1019 1132 dubium,
1066 1096 1111 1121 an
1150 1089 1259 1121 recte
1303 1096 1456 1121 uersum
1497 1096 1553 1120 re*

79 1156 224 1201 spondit
253 1155 346 1191 [τωο
378 1156 556 1192 Saturnia
592 1161 720 1191 sanem
752 1158 902 1192 dearum
938 1152 1099 1204 (XLVI)
1131 1155 1164 1191 iu
1196 1154 1352 1204 primum
1382 1154 1557 1192 annalem

80 1222 282 1260 intulerim.
359 1224 436 1261 Sed
476 1223 550 1261 hoc
589 1223 789 1261 leuideuse
829 1230 899 1261 est.
969 1222 1065 1261 Illud
1106 1224 1325 1273 quaeritur,
1368 1224 1426 1260 cui
1466 1223 1555 1260 loco

81 1294 243 1330 maxime
275 1299 385 1343 aptus
417 1294 464 1330 sit
496 1295 582 1342 iste7
616 1306 728 1344 quem
756 1294 842 1331 huic
878 1293 976 1331 libro
1005 1293 1254 1342 uindicamus,
1283 1293 1441 1331 deorum
1465 1305 1554 1331 con-

80 1375 225 1400 sessus.
274 1363 314 1401 In
347 1376 418 1415 qua
452 1377 492 1401 re
519 1365 548 1401 si
576 1363 769 1401 Horatium
801 1364 992 1413 sequeris,
1027 1375 1101 1400 non
1129 1362 1319 1401 dubitabis
1353 1365 1441 1414 quin
1467 1369 1553 1401 aute

79 1434 200 1483 ipsum
228 1433 371 1471 obitum
401 1434 570 1482 Romuli7
609 1446 684 1471 non
724 1440 811 1484 post
842 1440 1023 1478 mortem„
1056 1440 1093 1470 ut
1124 1433 1293 1471 editores
1338 1434 1554 1482 uoluerunt,

80 1502 319 1541 conlocetur.
381 1505 458 1543 Sed
490 1504 616 1542 obstat
648 1504 806 1541 Ouidius
844 1503 935 1542 Met.
971 1502 1059 1541 xlv
1093 1503 1196 1542 812:
1255 1512 1291 1542 tu
1322 1507 1409 1542 milei
1435 1509 1553 1542 conci*

78 1576 122 1610 lio
165 1577 349 1623 quondam
378 1583 578 1624 praesepta>
618 1578 766 1613 deorum
813 1578 925 1619 (Nam
967 1587 1124 1612 inemoro
1176 1578 1396 1623 mmnm‘ique
1435 1579 1553 1611 (mimo

71 1647 138 1691 pia
175 1647 289 1681 uerba
319 1647 462 1695 nolani)
499 1640 623 1682 ‘Vnus
655 1648 722 1681 erit
762 1657 863 1692 quem
893 1652 929 1682 ῖιι
960 1648 1061 1682 tolles
1094 1648 1129 1681 in
1161 1648 1313 1682 caerula
1344 1648 1453 1681 caeli*
1487 1647 1551 1682 Di*

78 1717 186 1750 xisti:
244 1721 328 1751 raia
374 1719 419 1752 Sil
464 1717 656 1751 uerborum
703 1727 843 1751 swmmz
893 1722 1035 1752 luorum
1077 1714 1148 1763 (cf.
1196 1712 1299 1752 Fast.
1350 1713 1385 1751 ll
1434 1713 1551 1764 485).

80 1783 110 1820 Α
144 1796 219 1834 quo
250 1783 409 1821 Ennium
442 1784 600 1833 respici⁷
634 1785 717 1833 ipse
750 1795 825 1833 quo
862 1785 977 1822 utitiir
1018 1797 1154 1822 uersus
1187 1784 1380 1822 Ennianus
1423 1790 1550 1821 osteu-

78 1853 142 1890 dit.
202 1853 296 1891 Nam
328 1853 535 1892 Ennianum
569 1866 656 1890 esse
693 1853 851 1892 Ouidius
882 1855 1034 1904 quidem
1066 1867 1140 1892 non
1168 1855 1281 1902 dicit,
1326 1854 1395 1891 sed
1426 1854 1550 1891 Varro

78 1922 125 1960 de
148 1922 187 1960 L.
214 1922 252 1960 L.
277 1923 345 1961 vll
364 1924 386 1962 6
406 1923 452 1961 M.
475 1926 546 1961 etsi
568 1936 641 1961 nou
662 1931 790 1962 monet
811 1931 960 1975 apel-tm
985 1931 1107 1963 tamen
1127 1926 1267 1964 indicat
1287 1936 1360 1961 non
1382 1923 1550 1961 obscure

77 1993 112 2030 ei
143 1994 205 2043 qui
236 1995 340 2031 nouit
370 2005 513 2031 morem
547 1994 742 2032 Varronis.
778 1994 827 2031 At
857 2000 979 2032 tamen
1007 2009 1054 2033 ex
1079 1996 1214 2033 Ouidio
1236 1995 1313 2032 noli
1336 1993 1550 2042 conligere7

77 2064 198 2113 ipsum
227 2064 385 2102 deorum
419 2065 622 2102 concilium
657 2078 731 2102 nou
763 2065 927 2115 expandi
959 2066 993 2103 in
1025 2066 1243 2112 annalibus,
1277 2064 1344 2102 sed
1391 2064 1549 2100 mentio—

78 2145 161 2170 nem
193 2140 333 2171 tantum
361 2134 473 2172 modo
503 2135 609 2184 quasi
639 2134 754 2173 habiti
779 2134 931 2172 concilii
971 2136 1065 2172 lieri.
1128 2134 1277 2172 Etenim
1319 2135 1470 2172 diuersa
1503 2132 1549 2170 ab

78 2203 275 2241 annalibus
303 2205 371 2242 fuit
403 2204 526 2242 Ouidii
558 2205 668 2251 ratio7
703 2205 764 2254 qui
798 2217 881 2241 cum
913 2216 974 2241 res
1002 2204 1182 2253 plurimas
1217 2204 1329 2241 modo
1365 2203 1549 2253 perstriu-

77 2286 171 2322 gere
199 2275 379 2321 instituat„
413 2276 509 2312 scite
541 2275 738 2311 artilicium
779 2274 868 2311 illud
901 2274 1059 2311 eslinxit.
1106 2273 1247 2311 Contra
1274 2273 1445 2323 Iuppiter
1474 2271 1548 2309 En-

79 2344 209 2381 nianus
249 2344 343 2394 ipsis
392 2344 652 2381 adsidentibus
690 2344 747 2381 (lis
784 2343 1017 2392 genitalibus
1055 2343 1152 2382 haec
1190 2343 1307 2380 uerba
1351 2356 1443 2380 umes
1484 2346 1553 2378 erit

76 2427 180 2462 quem
214 2422 250 2452 Ιιι
285 2418 384 2452 tolles
420 2419 454 2451 in
491 2418 641 2451 caerula
678 2418 771 2451 caeli
807 2418 938 2462 templa
979 2414 1196 2452 credendus
1236 2419 1294 2451 est
1339 2411 1547 2449 extulisse:

79 2485 185 2521 cuius
212 2486 375 2522 orationi
403 2496 486 2521 num
522 2483 754 2533 praemissus
779 2482 892 2520 fuerit
919 2482 979 2520 hic
998 2495 1154 2520 uersus:
1187 2485 1317 2531 effudit
1336 2492 1442 2517 uoces
1455 2494 1529 2527 pro

72 2559 157 2602 prio
191 2569 270 2593 eum
293 2563 440 2603 pertore
462 2563 587 2591 saneto
612 2553 706 2601 (inc.
739 2552 821 2590 sed.
847 2551 1009 2601 LXIX),
1041 2564 1154 2601 quem
1187 2551 1338 2601 quidem
1360 2548 1548 2599 praemitti

81 2625 253 2673 potuisse
288 2637 361 2661 non
394 2636 510 2673 negm¹
543 2624 740 2660 incertum.
800 2622 926 2671 Atque
956 2620 1022 2658 illo
1049 2633 1162 2658 uersu
1193 2622 1379 2659 iudicatur
1421 2619 1547 2665 etiam,

78 2705 189 2743 quem
223 2697 455 2744 quaerimus,
489 2695 595 2731 locus
627 2693 794 2730 concilii.
841 2690 933 2729 Cum
959 2691 1056 2728 euim
1088 2703 1160 2727 uon
1188 2691 1236 2727 ita
1260 2690 1431 2727 instantis
1455 2694 1546 2725 tem-

81 2764 184 2812 poris
203 2764 314 2801 futuri
345 2765 518 2802 indicium
545 2764 751 2809 contineat,
782 2768 856 2799 tum
879 2762 926 2799 de
958 2761 1057 2797 ‘uuo'
1093 2760 1194 2810 quod
1212 2760 1315 2807 dicit,
1345 2760 1391 2798 de
1410 2758 1546 2806 attero„

132 2831 279 2868 Emvs.
1307 2837 1328 2862 O
