1762 3057
212 146 236 174 X
782 137 1115 173 PRAEFATlo

209 246 362 287 mereri
394 251 539 287 notum
571 252 654 299 est,
687 261 761 287 suo
794 250 945 299 rogatu
977 243 1177 295 adduxit,
1215 249 1261 283 ut
1292 243 1447 285 edendi
1480 250 1677 300 opportu—

207 326 382 366 nitatem
420 331 696 381 sumptusque
736 323 972 365 liberaliter
1004 322 1243 379 praeberet.
1306 322 1400 374 Quo
1439 323 1580 363 acrius
1613 337 1679 363 me

208 405 315 446 illud
344 419 497 445 cauere
530 403 710 445 decebat
721 436 731 455 ,
767 418 821 443 ne
850 402 948 443 libri
980 402 1109 443 nitori
1140 416 1190 442 ac
1216 402 1401 455 gratiae,
1445 417 1553 458 quae
1580 402 1679 443 arti-

206 484 303 525 ficio
340 483 556 523 Teubneri
589 481 789 535 debetur,
834 481 944 522 male
974 480 1255 536 responderet
1292 481 1458 521 incuria
1488 479 1678 521 editoris.

208 562 352 614 Quare
391 561 493 617 quid
531 560 760 601 iucundius
798 561 902 601 mihi
940 561 1164 616 magisque
1205 566 1454 615 exoptatum
1484 573 1578 600 esse
1608 573 1680 614 po-

208 646 317 682 terat
351 655 479 696 quam
507 638 585 680 tali
614 639 859 681 adiumento
892 655 941 681 ac
971 638 1188 695 praesidio
1219 639 1302 691 uti,
1341 637 1466 694 quale
1497 637 1680 692 insignis

207 719 526 761 beniuolentiae
564 719 864 760 documentum
895 719 1107 759 ALFREDI
1144 718 1463 759 FLECKEISENI
1495 722 1583 757 tam
1620 716 1682 756 in-

207 799 325 854 genii
360 814 488 856 quam
520 798 739 840 oculorum
774 798 965 839 sollertia
995 796 1216 853 praebuit:
1259 797 1331 852 qui
1364 811 1459 837 cum
1489 794 1682 852 pagellas

206 893 373 919 meeum
400 878 722 933 typothetarum
753 877 970 919 erroribus
996 890 1182 932 purgare
1213 890 1298 917 non
1334 880 1595 928 recusasset,
1639 875 1682 914 in

208 973 257 998 00
298 957 445 998 labore
472 958 766 1012 ingratissimo
804 962 892 997 tam
932 957 1088 997 acriter
1127 956 1240 996 rexit
1282 955 1497 996 inscitiam
1536 968 1682 1010 opera-

207 1052 321 1089 rum,
354 1051 481 1093 quam
509 1036 698 1091 benigne
724 1051 864 1077 meam
893 1036 1051 1076 uirium
1078 1034 1330 1075 tenuitatem
1361 1040 1403 1075 et
1430 1033 1566 1074 doctis
1597 1046 1682 1074 mo-

207 1115 442 1157 nitionibus
470 1122 511 1157 et
541 1116 728 1171 egregiis
758 1114 948 1156 inuentis
980 1113 1159 1154 adiuuit.

318 1194 481 1235 Verum
501 1210 598 1237 cum
618 1195 703 1235 iam
724 1195 838 1236 bona
855 1208 956 1249 pars
978 1192 1317 1246 fragmentorum
1337 1192 1457 1248 prelo
1477 1192 1682 1244 exissent,

208 1290 260 1316 en
299 1289 437 1316 nouae
482 1275 692 1316 accedunt
734 1273 931 1314 Halmii
969 1270 1424 1328 Fleckeisenique
1472 1270 1682 1312 subsidio-

208 1370 300 1396 rum
333 1354 453 1395 dotes
481 1354 766 1409 gratissimae.
828 1352 884 1393 Et
913 1350 1262 1392 Fleckeiseni
1297 1349 1469 1408 quidem
1496 1349 1684 1391 amicitia

207 1434 368 1475 factum
394 1439 478 1486 est,
518 1439 565 1474 ut
594 1433 649 1474 ad
681 1447 854 1485 uersus,
894 1430 1048 1487 quibus
1076 1429 1315 1485 Appuleius
1346 1430 1500 1482 utitur,
1537 1429 1682 1484 Hedy-

206 1514 530 1570 phagetieorum
574 1511 628 1552 ab
671 1511 903 1552 Henrieo
954 1509 1135 1550 Keilio
1185 1510 1357 1550 excussi
1402 1508 1685 1549 Laurentiani

207 1594 328 1634 uaria
359 1592 484 1633 lectio
515 1606 632 1632 meas
658 1591 702 1631 in
730 1606 880 1631 manus
910 1590 1092 1631 ueniret.
1138 1588 1384 1629 Halmius
1416 1594 1570 1641 autem,
1600 1603 1683 1645 quo

209 1672 472 1727 singularem
504 1685 608 1725 erga
638 1686 705 1711 me
744 1669 1081 1711 beniuolentiam
1118 1666 1373 1720 cumularet,
1412 1666 1683 1723 perlustratis

209 1767 317 1808 quae
358 1751 575 1792 officinam
618 1749 882 1806 reliquerant
917 1747 1124 1803 pagellis,
1179 1753 1221 1787 et
1258 1761 1312 1786 ex
1351 1745 1567 1787 uberrimo
1606 1762 1682 1787 suo

209 1832 429 1874 Ciceronis
466 1835 675 1885 apparatu
715 1833 755 1868 et
796 1843 818 1868 0
849 1825 1161 1880 Bambergensi
1200 1825 1414 1866 Prisciani
1454 1824 1682 1881 Orosiique

210 1911 329 1951 libris
356 1910 472 1950 misit
498 1909 686 1963 opimum
705 1906 989 1962 discrepantis
1011 1906 1246 1960 scripturae
1272 1904 1523 1945 auctarium.
1575 1905 1683 1946 (jum

208 1994 432 2045 praeterea
484 1994 525 2028 et
577 1986 681 2027 mihi
729 1986 907 2039 sensim,
961 1999 1068 2041 quae
1120 1983 1398 2037 corrigerem,
1454 1982 1683 2024 subnasce-

209 2074 375 2121 rentur,
429 2066 513 2106 alia
560 2065 722 2118 Gellio,
769 2066 839 2120 qui
891 2065 1056 2105 interca
1102 2062 1241 2103 lucem
1288 2062 1417 2115 uidit,
1466 2062 1684 2103 Hertzii

211 2146 539 2202 Kayserique
575 2145 641 2185 his
667 2145 772 2200 ipsis
804 2143 955 2184 dicbus
987 2143 1142 2184 emisso
1175 2141 1404 2183 Cornificio
1433 2141 1488 2182 ad
1518 2141 1683 2182 Heren-

211 2228 327 2267 nium
358 2224 652 2276 adferrentur,
682 2223 782 2264 indc
808 2236 891 2263 11011
921 2228 1050 2263 tenue
1080 2220 1397 2274 addendorum,
1429 2221 1543 2276 quod
1570 2221 1685 2262 infra

211 2306 411 2361 exposui,
445 2302 715 2359 spicilegium
746 2302 972 2343 succreuit.

322 2382 609 2425 Annalium
638 2381 659 2421 I
690 2381 741 2422 fr.
771 2381 856 2422 Vll
887 2396 963 2422 mm
995 2385 1143 2422 (liceret
1171 2393 1212 2420 se
1237 2382 1382 2420 uidisse
1409 2378 1532 2418 Leid.
1555 2393 1581 2418 a
1600 2377 1626 2418 b

268 2468 320 2505 :36
348 2471 385 2505 et
407 2468 485 2504 cim
513 2461 636 2502 Leid.
658 2475 683 2501 a
702 2460 729 2501 b
846 2463 897 2500 :37
927 2465 1023 2501 [alia
1054 2467 1133 2500 lum
1162 2465 1350 2499 memorat
1373 2455 1495 2496 Leid.
1516 2470 1542 2496 a
1559 2455 1585 2496 b
1604 2472 1627 2496 c

269 2545 320 2583 38
348 2546 539 2593 eurycle'ca
557 2541 680 2581 Leid.
700 2556 725 2580 a
744 2540 785 2581 b.
815 2543 995 2581 ezcre'de'ca
1012 2538 1136 2581 Leid.
1158 2553 1181 2578 0
1295 2538 1347 2576 39
1374 2539 1455 2576 ulca
1476 2537 1563 2576 mer}
1588 2550 1682 2577 cor-

210 2638 285 2674 pus
315 2637 419 2662 nunc
449 2623 554 2669 (mest
571 2635 713 2671 corpus
730 2620 772 2660 in
798 2619 964 2671 rasura)
998 2617 1119 2659 Leid.
1139 2617 1180 2658 b.
1214 2616 1370 2665 uitaque
1395 2628 1538 2665 corpus
1563 2616 1683 2656 nrdm

215 2716 319 2742 mmo
347 2701 468 2742 Leid.
500 2715 523 2740 0
639 2702 690 2739 40
721 2712 860 2739 amena
891 2697 1014 2738 Leid.
1043 2712 1068 2737 a
1094 2713 1117 2738 e
1230 2696 1283 2735 42
1312 2693 1480 2747 corrige
1501 2700 1590 2744 post
1613 2698 1683 2734 illa

216 2782 258 2821 in
297 2785 417 2820 textu
534 2782 585 2820 43
629 2792 793 2829 querere
833 2781 961 2828 utique
994 2790 1108 2828 posse
1149 2773 1271 2815 Leid.
1308 2789 1330 2814 0
1445 2774 1496 2813 45
1543 2772 1683 2813 scribe
