1762 3057
649 185 950 222 ENNIANAE
1466 198 1551 227 LIII

79 294 231 344 quidem
260 293 306 331 ab
338 294 419 331 eius
453 295 681 332 auctoritate
699 294 896 345 Appianus
927 295 1020 333 Exc.
1051 297 1178 335 Samn.
1199 297 1233 334 X
1263 304 1299 336 et
1322 298 1547 338 Plutarchus

78 364 210 412 Pyrrhi
252 377 284 405 c,
324 363 375 402 20
416 365 608 415 pendent,
662 366 710 402 ita
749 366 882 414 tradit,
922 378 996 403 non
1036 368 1258 418 redemptos
1300 382 1389 407 esse
1428 373 1546 421 capti-

77 446 169 483 uOS‚
210 434 278 472 sed
316 435 362 472 ad
395 435 608 474 Saturnalia
649 442 790 474 tantum
829 436 1061 475 celebranda
1099 450 1182 476 cum
1220 439 1357 489 legatis
1387 438 1546 478 Romam

76 505 225 543 redisse
267 516 314 542 eo
356 511 493 555 pacto,
537 511 573 543 ut
603 507 673 543 nisi
705 507 850 545 interea
884 520 956 557 pax
985 520 1003 545 a
1038 507 1216 546 Romanis
1248 511 1546 547 constitueretur

73 576 108 612 in
140 574 272 623 Pyrrhi
300 582 423 613 castra
448 583 748 615 reuerterentur.
781 576 839 614 Cf.
866 577 1096 615 Niebuhrius
1118 579 1212 620 Ilist‚
1237 579 1345 618 Rom.
1371 579 1423 617 111
1447 579 1542 619 586.

75 646 153 682 Sed
191 645 290 683 idem
322 644 529 694 Dionysius
562 647 680 695 (Exc.
712 646 836 685 XVIII
869 648 912 697 7)
955 654 992 685 et
1025 649 1086 697 qui
1122 648 1224 686 illum
1255 655 1436 687 secuntur
1464 649 1543 699 Ap-

73 716 206 766 pianus
238 716 333 753 Exc.
364 716 488 754 Samn.
524 723 562 754 et
587 717 833 764 Plutarchus5
877 718 911 754 id
944 718 1044 767 quod
1078 730 1158 755 cum
1192 718 1254 756 illa
1288 732 1328 756 re
1360 719 1545 757 cohaeret

72 787 282 835 artissime,
323 792 412 837 post
443 787 589 825 inritam
624 787 772 825 demum
805 785 947 824 Cineae
980 787 1212 835 legationem
1244 788 1459 826 Fabricium
1495 789 1542 826 de

70 856 304 894 redimendis
342 858 503 907 captiuis
545 858 698 894 missum
736 869 824 894 esse
866 863 1174 894 commemorant..
1234 857 1319 895 Non
1353 860 1441 895 item
1468 858 1540 896 En-

71 926 172 972 nius,
212 926 243 961 si
282 927 370 975 quid
411 927 458 965 dc
493 927 615 965 Ennio
656 928 746 965 licet
780 940 800 964 e
829 926 922 964 Liuii
954 928 1134 965 memoria
1166 929 1388 978 conligere:
1429 940 1541 978 quem

69 1008 153 1034 eum
196 996 380 1046 periocha
422 996 511 1034 XIII
549 1003 623 1034 tum
660 996 868 1047 Eutropius
908 998 970 1045 (ΙΙ
1012 997 1086 1048 12)
1126 1000 1359 1048 persuadent
1397 998 1569 1049 Cineae,

68 1067 302 1115 legationem
333 1067 452 1105 altera
475 1067 638 1105 Fabricii
670 1069 926 1117 posteriorem
957 1068 1192 1110 exhibuisse,
1246 1069 1328 1107 Nec
1352 1069 1541 1119 denegata

68 1138 138 1175 iam
171 1149 191 1174 a
220 1136 400 1174 Romanis
431 1148 526 1185 pace
561 1135 743 1182 Pyrrhum
773 1138 960 1176 credibile
994 1144 1051 1174 est
1081 1137 1269 1177 dimisisse
1302 1140 1382 1177 sine
1413 1141 1538 1190 pretio

68 1208 262 1257 captiuos:
297 1212 428 1244 contra
460 1206 551 1243 illud
583 1207 695 1244 etiam
727 1209 935 1258 repudiatis
967 1206 1110 1245 Cineae
1141 1208 1422 1246 conditionibus
1452 1222 1537 1258 pru-

66 1278 168 1315 denti
209 1276 371 1314 consilio
409 1277 510 1325 egit7
552 1276 652 1326 quod
692 1277 853 1325 captiuis
894 1289 976 1314 cum
1014 1277 1197 1315 redeundi
1236 1279 1471 1316 necessitate
1503 1280 1537 1316 ni

66 1349 210 1385 interea
244 1359 317 1398 pax
350 1348 460 1384 lieret
497 1346 654 1384 Romam
685 1346 879 1396 proticisci
912 1348 1092 1397 permisit.
1157 1346 1238 1393 Qua
1272 1360 1312 1384 re
1340 1361 1422 1385 cum
1455 1362 1536 1386 eam

65 1418 250 1457 redeundi
281 1417 538 1455 conditionem
568 1417 614 1454 ab
640 1417 758 1454 Ennio
791 1414 951 1451 alienam
984 1428 1071 1452 esse
1101 1423 1138 1454 et
1168 1429 1215 1453 ex
1245 1418 1337 1467 ipsis
1361 1419 1536 1456 uersibus

66 1487 197 1538 (XIII)
226 1487 432 1538 adpareata
471 1494 508 1524 et
542 1487 729 1525 indicetur
760 1486 806 1523 ab
840 1497 886 1522 eo
931 1486 989 1522 cui
1021 1486 1254 1524 luculentum
1285 1488 1536 1537 fragmentum

64 1556 270 1604 debemus,
305 1555 495 1595 Cicerone
526 1558 594 1606 (de
622 1558 686 1594 off.
720 1556 734 1593 Ι
769 1555 829 1603 12,
863 1555 936 1593 38:
966 1556 1014 1594 ef.
1042 1556 1272 1594 Niebuhrius
1300 1558 1393 1595 Hist.
1428 1558 1534 1595 Rom.

63 1626 115 1664 ΙΙΙ
146 1626 270 1677 586):
309 1628 396 1665 inde
428 1640 674 1678 consequens
716 1633 798 1674 est7
842 1632 879 1663 ut
912 1626 1009 1676 apud
1043 1627 1200 1664 Ennium
1234 1628 1267 1664 ei
1302 1628 1357 1665 rei
1389 1629 1534 1664 inritam

64 1696 206 1735 Cineae
243 1697 475 1746 legationem
509 1710 581 1735 non
619 1697 877 1735 antecessisse
910 1696 1148 1734 arbitremur.
1210 1697 1396 1734 Liberalis
1423 1698 1536 1745 igitur

64 1768 225 1817 captiuis
258 1766 425 1814 Pyrrhus
462 1765 618 1804 Cineam
657 1773 873 1808 oratorem,
908 1778 983 1815 quo
1024 1767 1070 1804 de
1110 1766 1195 1803 uide
1235 1778 1332 1815 quae
1373 1768 1534 1815 egregie

62 1836 291 1875 Niebuhrius
322 1836 416 1874 Hist.
446 1836 553 1874 Rom.
585 1836 743 1875 111562
779 1837 962 1887 exponit7
1002 1833 1157 1871 Romam
1195 1834 1293 1870 misit
1334 1834 1380 1871 de
1424 1845 1533 1883 pace.

64 1908 280 1956 Romanos,
319 1919 402 1945 cum
442 1908 513 1944 iam
556 1908 589 1944 in
631 1918 677 1944 eo
711 1913 841 1944 essent
873 1913 911 1943 ut
942 1912 1042 1943 ratas
1076 1904 1260 1941 haberent
1294 1905 1533 1942 conditiones

62 1979 220 2027 Pyrrhi,
262 1978 308 2016 ab
344 1989 390 2015 eo
433 1978 595 2015 consilio
638 1977 752 2026 Appii
786 1976 933 2015 Claudii
971 1975 1093 2013 oratio
1135 1974 1352 2011 reuocauit:
1399 1986 1419 2010 e
1460 1986 1533 2023 qua

63 2052 260 2097 oratione,
302 2049 407 2085 cuius
433 2048 604 2097 speciem
638 2060 658 2084 e
686 2045 944 2084 Niebuhriano
974 2045 1155 2094 exemplo
1196 2042 1312 2093 (Hist.
1346 2043 1451 2081 Rom.
1482 2042 1533 2080 ΙΙΙ

63 2122 133 2159 571
174 2120 283 2170 sqq.)
315 2119 437 2155 animo
471 2118 691 2167 concipias,
737 2117 811 2154 duo
844 2123 990 2154 restant
1021 2115 1181 2153 frustula
1213 2113 1381 2152 Enniana
1409 2113 1532 2159 (XIV.

63 2191 176 2238 Xv):
208 2201 366 2240 quorum
393 2189 552 2227 alterum
580 2186 709 2236 (xlv)
742 2187 776 2223 in
808 2198 874 2223 sua
905 2186 1020 2236 Appii
1050 2185 1225 2222 oratione
1258 2183 1420 2220 reddidit
1444 2182 1532 2220 Nie-

62 2261 230 2300 buhrius,
293 2258 376 2305 Qua
404 2271 445 2296 re
473 2259 554 2295 sine
587 2269 684 2307 paee
717 2256 814 2294 redit
840 2262 971 2293 orator
1003 2254 1165 2304 (Cineas
1196 2253 1295 2291 haud
1325 2252 1459 2302 dubie)
1494 2258 1532 2288 et

64 2332 144 2379 regi
178 2342 256 2367 rem
283 2329 404 2366 refert
432 2327 583 2378 (XVI):
614 2327 648 2364 in
679 2327 784 2364 cuius
811 2332 973 2363 mentem
1005 2325 1175 2375 adprime
1204 2323 1413 2361 conuenire
1442 2320 1531 2357 mihi

62 2402 165 2438 uisus
196 2406 255 2438 est
283 2410 440 2436 uersus:
472 2403 530 2433 ast
558 2401 677 2433 animo
707 2402 887 2443 superant
916 2408 949 2432 e.
976 2406 1011 2443 q.
1039 2406 1068 2433 s,
1102 2392 1266 2442 (XVII).
1326 2390 1372 2427 Ni
1398 2391 1530 2426 mirum

63 2470 255 2507 Romanos
287 2469 336 2506 ait
357 2466 496 2504 Cineas
530 2465 637 2515 primi
662 2464 799 2513 proelii
829 2464 1083 2501 calamitatem
1115 2472 1302 2511 spernere
1328 2460 1530 2508 animoque

63 2544 290 2590 superantes
329 2538 375 2576 ad
417 2535 690 2587 experiendam
736 2545 852 2583 porro
894 2532 986 2569 belli
1025 2532 1212 2568 fortunam
1252 2530 1529 2578 propensiores

64 2621 174 2660 quam
215 2609 261 2646 ad
300 2608 540 2658 pangendam
581 2616 713 2655 paoem
753 2615 854 2641 esse.
916 2600 985 2638 Cui
1016 2600 1149 2648 Pyrrhi
1181 2597 1402 2648 Cineaeque
1439 2609 1527 2635 con-

64 2678 193 2728 loquio
224 2677 315 2714 licet
347 2678 512 2715 fortasse
546 2676 657 2713 etiam
688 2674 787 2711 hunc
817 2684 968 2710 uersum
998 2675 1059 2719 qui
1093 2673 1203 2707 uincit
1231 2682 1301 2706 non
1335 2675 1387 2706 est
1414 2672 1530 2706 uictor

62 2753 132 2786 nisi
165 2753 283 2786 uictus
319 2751 458 2797 fatetur
497 2747 599 2796 (inc.
637 2745 720 2785 sed.
755 2742 927 2792 XXXV)
968 2740 1283 2787 adcommodare,
1337 2739 1417 2776 siue
1453 2738 1527 2775 hoc
