1762 3057
163 197 220 238 24
751 204 1058 239 ANNALIVM

848 314 951 359 XIX

713 429 721 438 .
756 429 774 445 .
795 430 804 439 .
877 395 888 439 i
915 396 1090 441 caerula
1118 401 1243 455 prata

857 497 941 542 XX

183 581 259 618 145
299 573 425 619 Ostia
450 576 613 620 munita
639 579 729 633 est;
768 577 879 622 idem
906 578 1002 622 loca
1027 578 1212 622 nauibus
1242 580 1434 638 pulchris

298 644 459 688 Munda
486 645 609 702 facit3
645 646 876 706 nautisque
900 647 1007 691 mari
1033 648 1345 707 quaesentibus
1370 648 1503 694 uitam

735 846 946 899 LIBER
989 848 1050 899 Ill

895 985 911 1029 I

296 1061 408 1108 Olim
436 1063 490 1108 de
519 1064 640 1109 caelo
673 1064 846 1109 laeuum
877 1065 993 1110 dedit
1024 1066 1212 1124 inclytus
1241 1067 1417 1125 signum

882 1166 918 1212 ΙΙ

293 1244 348 1288 Et
379 1243 528 1287 densis
563 1245 708 1303 aquila
739 1245 882 1303 pinnis
911 1247 1073 1291 obnixa
1099 1247 1276 1291 uolabat

296 1312 443 1356 Vento
478 1327 606 1371 quem
635 1314 861 1372 perhibent
893 1315 1069 1360 Graium
1096 1330 1239 1375 genus
1270 1318 1373 1360 aera
1405 1316 1568 1376 lingua.

850 1417 904 1461 ΙΙΙ
920 1415 940 1439 *

179 1500 256 1539 150
293 1495 534 1555 Postquam
563 1496 726 1540 lumina
751 1497 812 1541 sis
838 1497 976 1541 oculis
1004 1497 1145 1541 bonus
1175 1497 1326 1542 Ancus
1356 1495 1528 1557 reliquit

157 1633 200 1658 ut
219 1627 417 1659 Reddita.
457 1629 581 1666 Quod
612 1628 735 1672 uulgo)
785 1630 845 1660 Hie
873 1630 1019 1671 positum
1045 1630 1085 1660 ab
1108 1630 1146 1660 H.
1170 1629 1316 1671 Ilbergio
1412 1629 1493 1660 XIX
1523 1630 1640 1661 Festus

159 1683 193 1714 p.
211 1673 278 1706 286
294 1675 336 1705 M.
374 1675 541 1717 ‘rigido
576 1675 683 1717 [tum
704 1676 877 1708 caerula
900 1686 995 1707 suro
1019 1686 1093 1707 eum
1114 1674 1172 1717 ait]
1207 1676 1334 1706 Ennius
1361 1675 1489 1706 iocatus
1506 1675 1641 1707 uidetur

160 1743 355 1752 .......
386 1720 556 1763 [eaerum.
594 1728 643 1753 est
670 1723 758 1753 enim
788 1733 806 1753 a
834 1722 937 1753 maris
960 1722 1122 1764 no[mine.
1157 1722 1276 1753 eodem
1306 1721 1409 1752 uerbo
1437 1722 1478 1753 de
1505 1721 1637 1764 eadem]

160 1775 193 1796 re
231 1776 312 1797 usus
346 1772 395 1798 est
421 1773 451 1798 et
477 1768 498 1798 l.
523 1768 551 1799 ΙΙ
584 1792 808 1799 ........
839 1769 847 1799 i
877 1768 1046 1799 caerula
1075 1774 1215 1810 prata.
1250 1767 1401 1809 cae[rula
1427 1774 1524 1809 prata
1548 1779 1640 1800 mare

159 1811 291 1854 dixit.]’
387 1813 453 1844 XX
478 1814 596 1845 Festus
624 1825 656 1856 p.
677 1816 744 1847 ‘258
765 1815 809 1846 M.
845 1820 1044 1855 ‘quaeso‚
1073 1821 1105 1845 ut
1127 1814 1293 1855 signifieat
1313 1814 1401 1845 idem
1429 1814 1518 1854 quod
1544 1824 1638 1857 rogo.

157 1858 202 1888 ita
221 1869 382 1898 quaesere
402 1861 539 1901 ponitur
557 1861 598 1891 ab
618 1862 764 1901 antiquis
780 1870 840 1903 pro
860 1871 1036 1900 quaerere,
1061 1867 1096 1891 ut
1123 1866 1172 1891 est
1198 1860 1290 1902 apud
1311 1860 1455 1891 Ennium
1473 1860 1495 1891 l.
1518 1861 1548 1892 11
1566 1885 1573 1891 .
1593 1885 1600 1892 .
1618 1862 1637 1891 .'

159 1905 251 1936 Idem
276 1915 309 1946 p.
330 1906 395 1937 142
410 1906 453 1937 M.
475 1906 570 1947 (post
590 1907 737 1948 amplam
759 1905 932 1946 lacunam)
968 1907 1131 1937 ‘Enniusz
1158 1907 1265 1937 idem’
1294 1917 1322 1937 e.
1341 1916 1372 1946 q.
1391 1917 1419 1937 s.

204 1972 319 2004 LIBER
345 1974 391 2003 III
442 1974 454 2003 1
481 1973 608 2005 Nonius
629 1985 662 2016 p.
677 1976 732 2009 51,
759 1975 801 2006 14
832 1975 920 2005 ‘leu
932 1985 993 2005 um
1012 1975 1197 2017 significari
1216 1980 1347 2006 ueteres
1367 1980 1486 2016 putant
1506 1975 1602 2015 quasi
1621 1985 1639 2005 a

159 2018 303 2049 leuando
424 2019 550 2050 Ennius
579 2021 691 2051 annali
720 2021 778 2051 lib.
801 2021 846 2051 ΙΙΙ
1038 2021 1066 2050 ΙΙ
1094 2021 1221 2052 Probus
1247 2022 1279 2051 in
1310 2022 1411 2063 Verg.
1436 2021 1506 2052 Ecl.
1537 2020 1570 2057 6,
1595 2020 1636 2053 31

159 2074 192 2105 p.
220 2064 260 2096 19
279 2064 364 2095 Keil.
398 2070 478 2105 ‘pro
501 2067 578 2097 aei'e
596 2067 686 2097 uenti
712 2066 766 2097 hic
787 2067 997 2097 extrinsecus
1020 2067 1252 2108 accipiuntur:
1281 2067 1323 2097 ad
1351 2067 1440 2107 quod
1460 2076 1638 2109 argumen—

158 2117 227 2141 tum
262 2110 461 2152 collegimus
490 2112 589 2142 Ennii
627 2113 819 2154 exemplum
850 2113 890 2143 de
918 2113 1088 2143 annalium
1121 2114 1215 2143 tertio
1253 2137 1290 2144 ..
1314 2113 1340 2143 .’
1438 2113 1482 2144 ΙΙΙ
1521 2113 1638 2144 Festus

160 2166 192 2198 p.
219 2155 281 2188 301
305 2156 348 2188 M.
382 2157 567 2188 ‘interdum
589 2168 649 2199 pro
677 2168 755 2189 suos
783 2159 968 2200 ponebam?
998 2161 1063 2200 (se.
1093 2158 1190 2199 sos)
1221 2164 1271 2189 ‘ut
1301 2169 1374 2189 cuni
1401 2169 1460 2200 per
1487 2159 1638 2190 datiuum

160 2213 274 2234 casum
296 2203 385 2234 idem
403 2203 530 2234 Ennius
559 2203 669 2235 effert:
703 2205 898 2246 postquam*
927 2216 956 2236 e.
979 2217 1010 2245 q.
1033 2216 1062 2238 s.
1101 2206 1224 2236 Paulus
1250 2216 1283 2246 p.
1308 2205 1375 2237 300
1398 2205 1440 2235 M.
1479 2210 1566 2237 ‘sos
1588 2206 1638 2236 iu·

159 2249 291 2280 terdum
317 2259 378 2290 pro
407 2259 486 2280 suos
516 2251 703 2291 ponebant:
737 2261 797 2293 per
819 2251 969 2282 datiuum
995 2262 1109 2282 casum
1135 2252 1222 2283 idem
1244 2252 1370 2282 Ennius
1394 2251 1507 2282 effert:
1546 2257 1638 2293 post-

159 2296 275 2335 quam’
300 2306 329 2326 e.
352 2306 384 2335 q.
406 2306 433 2327 s.
466 2299 546 2338 ‘pro
569 2297 664 2327 suis.'
710 2296 760 2329 Cf.
783 2297 958 2329 Lucretius
976 2298 1023 2329 III
1047 2297 1132 2329 1023
1160 2305 1167 2314 ·
1182 2298 1310 2329 lumina
1337 2298 1384 2329 sis
1404 2298 1510 2329 oculis
1537 2298 1638 2329 etiam

214 2459 282 2494 144
309 2457 509 2492 ueri-ebant
538 2458 634 2492 suris
657 2458 814 2504 Neptuni
840 2471 871 2496 c.
893 2471 927 2505 p.
957 2459 1008 2494 H.
1030 2458 1211 2505 Ilberyius
1354 2462 1420 2496 145
1451 2460 1532 2494 loeo
1556 2460 1635 2495 cod.

150 2524 193 2558 p.
218 2516 284 2550 142
400 2514 511 2549 celsis
542 2514 620 2549 cod.
648 2526 690 2560 p.
715 2518 782 2552 142
926 2519 992 2553 146
1024 2515 1162 2551 mundo
1194 2515 1271 2550 cod.
1295 2527 1337 2560 p.
1358 2518 1427 2552 258
1543 2516 1635 2550 faeie

158 2569 236 2603 cod.
263 2572 396 2616 p.142
512 2571 706 2616 nautisque
729 2573 838 2616 mari]
876 2577 983 2618 atque
1017 2573 1124 2607 etiam
1158 2582 1244 2606 aere
1273 2571 1353 2605 cod.
1379 2573 1533 2617 p.142,
1568 2573 1634 2610 rel.

158 2635 225 2659 om·
368 2627 433 2663 147
464 2627 525 2661 olli
554 2628 647 2662 coni.
676 2626 872 2663 Mercerus
989 2630 1109 2663 leuum
1140 2627 1278 2662 Nonius
1417 2630 1483 2663 148
1511 2628 1635 2672 pinnis

158 2681 348 2726 Eynalius.
378 2683 506 2727 primis
535 2683 613 2717 Val.
643 2684 775 2728 pennis
796 2684 889 2719 Par.
921 2685 954 2719 in
986 2685 1109 2731 pinnis
1130 2683 1180 2718 H.
1203 2683 1354 2718 Keilius.
1386 2682 1470 2717 hinc
1502 2685 1634 2728 pennis

159 2735 419 2772 Luckmanmzs
447 2739 497 2773 ad
525 2739 638 2773 Lucr.
670 2739 718 2774 H
733 2742 777 2776 27
806 2751 848 2785 p.
867 2743 911 2777 76
1054 2745 1122 2777 150
1151 2739 1298 2784 reliquii
1324 2739 1443 2785 uulqo.
1474 2740 1633 2785 reliquid

158 2792 234 2826 cod.
260 2796 344 2828 teste
365 2793 414 2827 H.
431 2793 548 2829 Kenio
569 2795 591 2829 l.
615 2795 636 2832 l.
654 2807 696 2840 p.
714 2799 782 2833 62-’1
897 2798 1015 2831 bonus
1040 2796 1166 2830 Ancus
1188 2795 1333 2840 reliquit
1352 2806 1420 2833 om.
1435 2795 1576 2832 Paulus
