1762 3057
204 203 387 233 Lxxvm
741 196 1151 240 QVAEsTIONES

202 322 265 345 sor
286 314 339 345 est
357 309 493 356 saclas.
524 308 666 342 homine
697 309 940 343 inimicissimo
968 311 1004 343 in
1032 320 1162 355 eampo
1182 311 1298 344 statim
1324 310 1429 345 recliil
1446 311 1482 344 in
1503 311 1674 356 qratiam,

202 386 242 416 ut
266 390 452 415 commune
479 378 637 424 officium
661 388 840 413 censurae
869 381 1048 415 communi
1073 381 1192 415 (mimo
1223 390 1268 414 cte
1293 381 1474 415 uolunlale
1502 380 1674 426 defende-

204 447 313 487 rent?
348 448 520 497 Adparet
553 447 649 483 enim
682 458 702 483 a
733 444 924 484 Cicerone
959 447 1032 484 dici
1062 446 1172 484 Ennii
1201 440 1382 495 annales,
1417 459 1528 497 quem
1558 448 1671 485 etiam

204 521 293 559 alibi
333 529 513 557 smnmum
555 521 707 566 poetam
745 518 962 555 nominauit.
1033 517 1125 555 Rem
1166 518 1285 567 ipsam
1318 523 1444 555 autem
1485 530 1518 556 a.
1562 531 1597 555 u.
1639 530 1672 556 c.

204 592 283 629 573
320 589 509 626 accidisse
548 586 641 623 Liuii
680 586 870 624 beneficio
903 587 966 624 XL
1003 588 1055 625 46
1087 593 1247 625 constat.
1309 587 1368 625 De
1409 587 1580 638 reliquiis
1612 589 1675 624 uix

205 661 405 710 quicquam
438 658 675 695 confidenter
707 658 905 696 adfirmes:
944 670 1100 707 quarum
1136 670 1282 708 paucae
1313 656 1462 708 (I—V)
1502 670 1523 695 e
1554 656 1676 694 Fuluii

204 730 333 767 Flacci
360 729 477 766 rebus
509 740 601 777 quas
637 728 712 765 illis
743 729 848 766 annis
877 734 1008 766 contra
1041 727 1261 766 Celtiberos
1291 728 1414 778 gessit
1451 728 1675 778 desumptae

204 812 292 837 esse
334 805 506 850 possunt.
570 797 628 835 Cf.
659 798 786 836 Liuius
818 798 881 836 XL
918 798 982 837 39.
1016 800 1081 836 40.

316 868 365 905 At
397 867 443 906 de
476 870 566 906 crisi
600 881 777 906 uersuum
799 868 878 906 426
901 881 958 918 sq.
989 869 1050 906 hic
1077 868 1261 918 quaedam
1293 869 1464 906 adiciam.
1506 868 1676 916 Quorum

203 941 460 990 posteriorem
477 940 638 990 ascripsi
661 952 773 990 quem
792 939 992 976 admodum
1010 938 1237 976 Theodorus
1255 939 1443 988 Bergkius
1462 940 1497 976 in
1515 950 1678 976 censura

203 1009 306 1047 Festi
328 1009 566 1047 Muelleriani
586 1009 768 1060 (Ephem.
814 1009 881 1046 litt.
901 1009 985 1047 llal.
1007 1021 1039 1047 a.
1071 1008 1172 1046 1542
1192 1009 1225 1046 11
1249 1008 1349 1060 230)
1370 1009 1605 1048 emendauit:
1628 1009 1675 1048 de

203 1082 326 1118 altero
348 1081 581 1118 sentionunc
604 1092 717 1117 secus
740 1086 854 1129 atque
876 1080 966 1117 olim
989 1092 1071 1117 cum
1093 1080 1307 1128 fragmenta
1330 1080 1554 1130 perscripsi.
1588 1079 1674 1127 Quo

205 1164 316 1189 uersu
341 1151 414 1189 duo
435 1152 671 1200 grammatici
704 1157 867 1198 utuntur7
900 1150 1146 1199 Philargyrus
1180 1151 1214 1187 iu
1237 1150 1378 1200 Georg.
1410 1150 1463 1189 lv
1488 1150 1579 1200 188,
1613 1151 1676 1201 qui

204 1227 321 1259 totum
353 1222 605 1271 fragmentum
634 1221 826 1259 exhihuit:
877 1235 947 1259 mm
966 1229 1120 1269 possunt
1141 1234 1308 1258 mussare
1346 1224 1430 1259 boni
1457 1228 1520 1271 qui
1534 1225 1675 1271 factam

202 1296 325 1329 labore
353 1297 455 1330 enrici
482 1297 641 1330 mililiam
670 1305 872 1341 peperere,
904 1298 941 1329 et
967 1291 1071 1329 Festi
1103 1291 1299 1329 breuiator
1329 1304 1365 1342 p.
1398 1294 1474 1331 144
1505 1293 1576 1331 Μ.;
1604 1307 1676 1331 non

203 1366 302 1401 (Im-el
339 1376 506 1401 mussare
536 1366 657 1400 bonos.
717 1362 811 1400 Nam
840 1362 916 1399 hoc
947 1363 1146 1400 frustulum
1180 1375 1253 1400 non
1294 1364 1576 1414 segregandum
1618 1371 1676 1402 est

205 1449 223 1474 a
256 1435 431 1473 uersibus
465 1434 696 1483 Philargyri:
738 1434 907 1471 editores
940 1433 1091 1484 quidem
1123 1434 1214 1472 illud
1258 1441 1444 1485 tamquam
1480 1436 1676 1485 proprium

204 1504 313 1541 Ennii
345 1505 596 1554 fragmentum
626 1510 845 1552 recensent„
875 1507 932 1541 hie
963 1505 1202 1553 pronomine,
1237 1518 1282 1542 ne
1306 1518 1483 1544 numerus
1512 1506 1674 1555 labatur„

205 1575 368 1612 inserto:
401 1589 472 1612 nun
504 1578 603 1611 (lecet
622 1578 680 1612 laic
700 1591 745 1613 m.
768 1579 800 1613 b.
846 1575 953 1622 Quos
983 1574 1192 1612 Muellerus
1224 1577 1416 1625 uituperat
1443 1576 1489 1614 ad
1520 1576 1674 1615 Festum

205 1657 240 1695 p.
282 1644 359 1683 334
413 1651 450 1681 et
497 1643 700 1692 Bergkius.
772 1644 843 1691 Qui
893 1646 1087 1695 pristinam
1129 1647 1209 1683 eius
1255 1659 1394 1684 uersus
1439 1649 1611 1697 speciem
1655 1659 1676 1684 a

204 1714 320 1752 Paulo
354 1713 447 1751 tradi
480 1714 663 1763 adfirmat.
700 1726 811 1765 quam
838 1716 1042 1766 antiquitus
1072 1717 1341 1765 grammaticus
1368 1717 1531 1766 quidam,
1559 1730 1606 1755 ne
1639 1719 1676 1755 in

203 1785 426 1822 hexametro
460 1784 666 1822 trochaeus
701 1785 886 1833 offendat.
920 1788 1187 1837 intempestiue
1219 1787 1432 1825 mutauerit.
1494 1786 1588 1825 Nam
1620 1787 1674 1824 le-

201 1856 370 1904 gitimum
410 1866 497 1892 esse
538 1856 645 1904 primi
695 1856 804 1905 pedis
843 1856 1086 1905 trochaeum,
1130 1870 1242 1908 quem
1286 1857 1430 1896 Ennius
1470 1856 1675 1895 Homerum

203 1928 366 1963 imitatus
403 1936 477 1961 non
515 1935 601 1961 raro
641 1924 676 1961 in
715 1936 806 1962 suos
839 1926 1085 1964 hexametros
1114 1927 1320 1965 admiserit.
1382 1927 1432 1965 At
1464 1928 1499 1966 id
1533 1928 1675 1966 uellem

202 1995 391 2044 Bergkius
423 1993 653 2031 certioribus
695 2006 803 2044 quam
843 1996 978 2045 quibus
1018 2009 1108 2033 usus
1147 2003 1205 2034 est
1242 1997 1430 2047 exemplis
1470 1998 1671 2036 firmasset.

204 2064 351 2102 Etenim
383 2064 483 2113 quod
524 2063 620 2101 hunc
652 2076 802 2102 uersum
842 2067 1017 2103 asciscit:
1054 2070 1179 2104 adnuit
1203 2079 1282 2103 sese.
1311 2080 1447 2104 mecum
1477 2071 1676 2107 decernere

200 2138 306 2182 ferro
340 2134 394 2183 (ll
425 2134 470 2170 fr.
501 2133 589 2184 XI),
619 2134 805 2172 refutatur
828 2135 873 2173 ab
906 2148 953 2173 eo
987 2136 1046 2172 cui
1078 2135 1261 2174 debemus
1297 2136 1546 2186 fragmentum
1572 2139 1671 2177 Pris-

203 2206 312 2242 ciano
345 2204 379 2241 X
409 2217 444 2254 p.
475 2204 554 2242 822
587 2205 624 2242 P.
653 2205 668 2242 Ι
697 2218 730 2255 p.
758 2206 837 2243 450
868 2205 949 2254 Kr.7
981 2207 1043 2256 qui
1076 2218 1122 2243 eo
1147 2205 1328 2255 exemplo
1363 2209 1670 2247 <uetustissimos

203 2275 316 2313 etiam
338 2275 567 2325 produxisse
589 2275 849 2324 perfectorum
880 2276 914 2311 in
945 2280 981 2313 m'
1010 2275 1260 2313 desinentium
1290 2278 1549 2325 penultimam'
1583 2291 1672 2317 eon-

204 2347 334 2383 lirmat.
397 2345 456 2383 De
495 2345 616 2382 altero
649 2350 773 2381 autem
806 2356 919 2381 uersu
957 2348 1133 2383 Taremni
1165 2359 1298 2394 eorpus
1327 2349 1419 2385 bona
1447 2351 1586 2396 femina
1618 2354 1672 2387 la-

201 2420 252 2453 m‘l
279 2423 312 2453 et
340 2419 445 2453 wari!
474 2414 546 2459 (ΙΙΙ
576 2414 622 2451 fr.
659 2413 764 2464 VIII)
799 2415 887 2451 olim
919 2415 1154 2453 intellectum
1193 2421 1250 2452 est
1277 2427 1349 2452 nec
1382 2417 1573 2463 Tarquinii
1600 2428 1672 2454 uec

204 2485 304 2535 quod
354 2485 543 2534 Bergkius
596 2484 713 2521 uoluit
757 2487 935 2533 Tarqm'm'
977 2486 1046 2523 sed
1097 2488 1272 2523 Tarcm'ni
1306 2484 1505 2535 probatam
1549 2484 1670 2523 Ennio

203 2554 359 2592 formam
389 2567 490 2592 esse.
533 2554 709 2604 Denique
741 2555 891 2592 tertium
921 2555 1154 2592 uersiculum
1183 2556 1316 2592 nescio
1351 2566 1423 2604 qua
1445 2557 1670 2593 auctoritate

205 2622 390 2671 Bergkius
429 2624 479 2661 ita
523 2625 716 2672 citauerit7
764 2628 928 2672 repletur
956 2627 1133 2662 Imbrium
1170 2628 1338 2674 fremilu:
1378 2625 1536 2662 Seruius
1574 2626 1671 2662 enim

205 2703 314 2739 quem
356 2693 419 2729 ille
459 2700 653 2731 auctorem
692 2694 857 2731 laudauit
897 2695 954 2743 (in
987 2694 1129 2743 Georg.
1167 2693 1181 2730 I
1223 2693 1285 2733 1⁶2)
1318 2694 1366 2730 ita
1400 2694 1539 2730 refert:
1582 2706 1671 2742 ayer

202 2755 364 2806 oppletus
394 2765 557 2799 imbrium
582 2766 749 2810 fremitu.-
799 2775 896 2811 quae
923 2775 1033 2800 nemo
1065 2763 1251 2801 annalium
1288 2775 1376 2799 esse
1411 2768 1571 2800 testatur
1598 2774 1669 2800 nec
