1762 3057
644 204 945 240 ENNIANAE
1455 209 1534 239 LIX

65 318 140 349 tere
177 314 333 359 hostem,
371 316 544 350 breuitate
581 316 718 350 habiles
754 320 788 351 et
824 327 905 351 eum
936 315 1177 350 mucronibus.
1247 312 1351 361 Ergo
1390 314 1426 350 in
1463 313 1537 351 hoe

66 381 162 418 libro
203 380 344 420 Ennius
387 382 608 420 Hannibalis
647 396 709 420 res
746 395 839 433 quas
879 384 914 420 in
947 382 1128 432 Hispania
1167 384 1290 432 gessit
1329 396 1450 434 usque
1490 384 1536 421 ad

66 452 259 489 transitum
290 452 443 503 Alpium
475 454 671 491 cecinerit.
735 452 828 490 Nam
858 453 958 504 quod
986 452 1129 502 Hugius
1163 453 1249 491 huic
1281 454 1404 491 annali
1434 453 1536 491 bella

65 533 164 572 quae
193 523 351 572 primum
383 530 420 561 et
450 523 659 561 seeundum
690 523 868 561 Punicum
901 524 1185 571 intercessere,
1221 522 1415 570 Illyricum
1447 523 1533 561 Gal-

66 591 255 643 lieumque
287 593 427 631 ascribi
460 594 594 641 uoluit,
626 594 712 631 mihi
747 605 874 643 parum
905 592 1106 643 probabile
1139 600 1197 631 est
1224 597 1377 643 poetam
1409 606 1534 631 rerum

64 662 287 701 Punicarum
317 663 521 701 decursum
547 665 817 714 interrupisse7
849 665 912 714 qui
941 663 1091 713 quidem
1120 668 1229 711 gesta
1259 662 1422 713 Philippi
1449 676 1536 714 per-

64 733 234 770 tractatis
268 733 416 771 demum
450 733 524 770 illis
557 733 670 771 bellis
705 746 777 771 uno
812 740 947 771 tenore
980 733 1204 771 deducenda
1236 734 1447 771 incohauit:
1484 739 1536 772 in-

62 816 142 840 sece
176 805 287 841 ‚Musa
325 818 436 842 mame
478 807 727 843 Romanorum
768 807 1008 852 induperator
1051 807 1154 849 Quod
1191 808 1339 852 quisque
1375 808 1411 840 in
1449 807 1538 842 bello

60 878 171 923 qessit
196 888 277 912 cum
306 887 392 924 resse
418 877 588 923 Philippo
622 873 677 923 (X
702 874 746 911 fr.
767 873 817 925 Ι).
880 873 1087 911 Praeterea
1121 886 1256 910 uersus
1289 872 1425 923 quibus
1461 872 1535 910 Hu-

64 945 149 993 gius
180 945 359 982 tumult-us
381 943 551 982 Gallicos
581 945 787 993 significari
805 945 956 992 statuit,
989 956 1059 980 nos
1087 943 1132 980 ad
1163 949 1335 993 quartum
1361 943 1535 980 annalem

65 1014 322 1064 relegauimus
357 1015 424 1065 (fr.
448 1014 543 1065 Vl);
591 1015 688 1053 alter
716 1021 863 1063 autem7
910 1026 985 1065 quo
1018 1014 1136 1062 Illyrii
1169 1014 1407 1050 nominantur
1439 1014 1534 1063 (inc.

65 1085 146 1122 sed.
187 1084 349 1136 XLIV),
396 1092 551 1136 praeter
586 1086 857 1123 necessitatem
893 1085 937 1122 ad
979 1086 1099 1135 ipsum
1138 1084 1278 1122 bellum
1321 1083 1535 1131 lllyriorum

65 1157 251 1203 refertur,
296 1157 358 1206 qui
391 1168 473 1193 cum
506 1155 594 1193 alibi
635 1162 708 1192 tum
747 1156 782 1192 in
821 1155 926 1193 bello
959 1155 1212 1193 Macedonico
1245 1154 1378 1192 haberi
1416 1156 1537 1205 potuit

66 1226 166 1263 conl.
200 1226 305 1263 Liuio
337 1225 463 1263 XXXI
488 1226 552 1263 321.
577 1226 642 1264 35.
664 1228 729 1263 40.

179 1295 339 1334 Restant
376 1298 522 1347 aliquot
563 1303 599 1334 et
639 1297 770 1347 plures
807 1295 959 1346 quidem
992 1306 1103 1345 quarm
1137 1295 1219 1344 ipse
1259 1295 1398 1333 uellem
1432 1297 1534 1334 citati

65 1378 112 1403 ex
141 1365 214 1403 hoe
245 1366 344 1404 libro
371 1379 521 1415 uersus,
555 1378 650 1417 quos
681 1380 763 1405 eum
787 1367 820 1403 in
848 1372 952 1403 certa
982 1365 1075 1402 sede
1105 1365 1314 1402 conlocare
1347 1377 1419 1402 non
1448 1378 1535 1416 pos-

66 1449 170 1485 sem,
212 1449 233 1474 a
272 1437 413 1474 ceteris
447 1438 665 1487 segregaui.
735 1437 793 1474 De
830 1448 989 1487 quorum
1023 1436 1152 1485 primis
1185 1435 1333 1473 (luobus
1366 1440 1540 1474 mulserat

64 1510 135 1545 lucc
173 1519 303 1545 mntem
342 1511 563 1556 compulsam
598 1511 766 1555 slucle'lms
791 1514 928 1556 pomus
964 1505 1056 1555 (XI)
1098 1511 1135 1543 et
1171 1509 1265 1543 aller
1292 1519 1385 1543 nare
1419 1511 1538 1555 cupit.-

65 1581 157 1614 aller
190 1589 363 1626 puynare
386 1583 561 1624 paratust
592 1576 704 1629 (ΧΠ)
749 1578 823 1615 hoe
854 1575 1029 1627 procliue
1063 1582 1121 1613 est
1154 1576 1384 1625 intellegere
1418 1588 1536 1626 posse

65 1659 135 1685 eos
166 1647 211 1685 ad
241 1647 348 1684 huius
386 1646 477 1683 belli
510 1648 714 1684 certamina
745 1646 894 1684 naualia
931 1647 1147 1695 pertinere,
1191 1648 1363 1696 apertius
1395 1648 1536 1696 signiti-

66 1730 154 1755 care
182 1717 430 1754 occasionem
458 1728 531 1753 non
563 1717 664 1754 licet.
728 1715 873 1762 Quibus
901 1722 1061 1766 possunt
1090 1728 1137 1753 ex
1165 1717 1318 1753 incertis
1341 1728 1415 1753 non
1446 1717 1537 1754 nulli

67 1787 236 1825 eiusdem
274 1787 431 1836 generis
471 1799 607 1824 uersus
645 1787 821 1835 adiungi:
863 1790 973 1823 isdem
1015 1800 1167 1834 campus
1198 1788 1305 1823 habel
1341 1791 1537 1824 textrinum

66 1861 218 1896 'crucibus
248 1861 361 1906 lonqis
389 1857 483 1903 (inc.
510 1858 592 1895 sed,
620 1856 743 1907 XIX),
775 1864 807 1893 el
830 1859 953 1893 melior
980 1861 1087 1894 nauis
1110 1871 1217 1905 quam
1243 1869 1340 1904 quae
1367 1859 1537 1893 stlataria

60 1935 186 1978 portal
206 1927 336 1978 (XX),
368 1932 503 1977 inqenli
528 1931 629 1966 uadit
649 1940 760 1965 cursu
790 1941 862 1976 qua
885 1929 1046 1964 redditus
1078 1935 1188 1964 termo
1219 1934 1271 1963 est
1298 1925 1451 1975 (XXI),
1486 1926 1534 1962 si-

67 1999 217 2048 quidem
249 1997 348 2035 hune
372 2002 487 2048 poeta
512 1999 559 2036 de
586 1999 669 2036 nani
693 1997 849 2045 extulit,
886 2003 923 2034 et
953 1999 1138 2033 Ilm-latore
1159 1999 1247 2034 hono
1269 1999 1379 2043 prius
1399 2008 1507 2043 quam
1527 2023 1535 2031 .

63 2072 195 2117 finibus
231 2076 341 2106 termo
385 2068 549 2120 (XXII).
620 2069 863 2106 Hortatorem
903 2068 1002 2104 enim
1040 2067 1182 2104 Ennius
1222 2066 1313 2103 dicit
1356 2076 1439 2101 eum
1477 2065 1538 2114 qni

68 2141 128 2177 <in
161 2140 252 2177 mari
284 2140 452 2189 remiges
486 2140 681 2178 hortatur'
723 2138 861 2184 (Plauti
895 2137 1052 2176 Mei-cat.
1089 2136 1215 2186 696),
1255 2147 1367 2185 quem
1400 2134 1538 2172 Graeci

67 2204 272 2258 κελευστὴν
302 2209 561 2259 adpeltabant.
623 2209 745 2247 Etiam
777 2209 959 2246 incertior
986 2220 1048 2245 res
1076 2212 1135 2244 est
1163 2206 1210 2243 de
1244 2204 1324 2241 llis:
1359 2207 1443 2241 diem
1465 2208 1539 2241 cla-

66 2293 151 2317 uum
182 2285 320 2316 rectum
351 2286 488 2317 teneam
519 2292 722 2327 nouemque
754 2281 945 2327 gubernem
980 2276 1146 2328 (XXIII)
1181 2281 1239 2312 et:
1281 2278 1382 2312 leand
1407 2281 1539 2311 temere

67 2356 119 2387 est
140 2352 236 2398 qnod
265 2354 300 2386 [ιι
322 2353 414 2387 tristi
437 2362 517 2387 cum
545 2352 655 2386 corde
683 2351 866 2397 (subornas
898 2347 1076 2397 (XXIV).
1122 2346 1291 2393 Quorum
1320 2344 1394 2381 hoe
1420 2355 1536 2393 prop-

69 2426 126 2457 ter
157 2419 371 2467 ambiguam
404 2417 641 2467 gubernandi
679 2419 871 2455 notionem
910 2431 983 2455 non
1024 2416 1247 2454 necessario
1283 2413 1330 2451 ad
1363 2424 1442 2449 rem
1474 2424 1537 2449 na-

69 2489 194 2527 ualem
221 2488 400 2526 refertur.
459 2487 566 2525 Illius
595 2493 719 2524 autem
751 2487 975 2524 sententiam
1007 2499 1079 2524 nec
1111 2485 1281 2522 editores
1313 2482 1537 2531 superiores

71 2572 142 2597 nec
171 2559 315 2608 Hugius
344 2561 638 2608 perspexerunt.
711 2555 1050 2593 Adhaerescentes
1078 2554 1175 2590 enim
1203 2552 1338 2589 Isidori
1367 2552 1536 2588 testimo-

72 2628 133 2664 nio
166 2627 228 2676 qui
257 2625 386 2677 (Orig.
410 2626 501 2664 XIX
525 2625 571 2676 2)
599 2631 716 2662 totum
743 2635 893 2661 uersum
920 2623 968 2659 ita
999 2623 1127 2660 citauit
1159 2628 1196 2659 ιιι
1218 2625 1364 2659 clauum
1389 2634 1424 2658 e.
1444 2633 1480 2670 q.
1506 2633 1536 2658 s.

72 2697 168 2734 lianc
202 2708 290 2734 esse
322 2696 369 2734 de
411 2696 605 2734 exercitiis
638 2694 892 2731 Romanorum
925 2691 1124 2729 naualibus
1155 2691 1420 2741 depromptam
1452 2703 1537 2741 par-

70 2767 223 2805 ticulam
254 2766 544 2804 arbitrabantur.
615 2764 664 2802 At
699 2775 830 2802 ueram
868 2774 1005 2800 uersus
1035 2762 1207 2813 speeiem
1242 2761 1411 2799 seruauit
1440 2760 1538 2798 haud
