1762 3057
203 199 258 241 98
709 206 1177 243 'FRAGOEDIARVM

921 316 967 360 V

343 382 431 427 Sed
472 383 571 427 mihi
615 398 667 427 116
706 384 902 443 utiquam
944 385 1020 429 cor
1061 385 1276 429 consentit
1315 401 1410 432 cum
1450 390 1677 436 oculorum

1085 455 1265 511 aspectu

892 610 909 653 Ι
929 608 949 631 >κ
964 609 983 631 *

422 675 559 718 imiter
587 675 774 734 grauida
798 677 952 735 parere
981 692 1028 722 se
1060 677 1283 722 ardentem
1314 680 1446 725 facem

338 742 448 787 Visa
478 744 545 787 est
577 743 618 787 in
652 745 817 789 somnis
845 745 1046 790 Hecuba:
1087 761 1173 806 quo
1202 748 1291 792 fato
1326 752 1449 806 pater

333 811 429 855 Rex
456 812 550 870 ipse
576 811 776 857 Priamus
806 814 999 869 somnio,
1039 816 1194 859 mentis
1224 820 1340 859 metu

243 886 294 924 60
334 879 597 934 Perculsus,
639 882 754 925 curis
779 883 981 941 sumptus
1006 883 1342 941 suspirantibus,

334 948 679 993 Exsziorificabat
711 949 865 995 hostiis
898 951 1158 995 balantibus.

335 1017 444 1060 Tum
475 1017 768 1062 coniecturam
796 1019 994 1077 postulat
1021 1020 1173 1077 pacem
1203 1022 1370 1078 petens,

332 1084 392 1128 Vt
419 1100 467 1129 se
493 1086 697 1130 edoceret
725 1088 963 1132 obsecrans
987 1087 1250 1146 Apollinem,

329 1152 426 1207 Quo
453 1154 554 1198 sese
578 1158 749 1199 uertant
773 1156 918 1200 tzintae
948 1162 1091 1200 sortes
1120 1156 1348 1200 somnium.

237 1228 289 1265 65
327 1222 385 1266 Ibi
415 1222 471 1266 ex
500 1222 646 1267 oraclo
674 1223 784 1268 uoce
813 1224 961 1268 diuina
986 1224 1118 1268 edidit

329 1289 513 1348 Apollo,
552 1306 736 1349 puerum
761 1292 927 1350 primus
958 1292 1130 1336 Priamo
1163 1292 1240 1351 qui
1270 1293 1382 1336 foret

328 1358 435 1402 Post
462 1359 534 1403 sila
556 1362 708 1415 natus,
748 1360 1009 1419 temperaret
1040 1360 1218 1404 tollere:

326 1426 437 1470 Eum
465 1428 565 1471 esse
597 1428 774 1473 exitium
800 1428 978 1483 Troiae,
1016 1431 1184 1487 pestem
1212 1426 1446 1486 Pergamo.

281 1572 284 1574 ’
332 1561 499 1606 Volz'ms
530 1562 583 1606 de
612 1564 733 1608 caelo
766 1566 863 1609 611111
893 1579 1057 1609 corona
1088 1566 1130 1607 61
1156 1562 1311 1607 taeniis

235 1682 263 1712 V
291 1682 406 1714 Cicero
424 1684 528 1714 Acad.
546 1694 596 1725 pr.
614 1685 642 1715 ΙΙ
661 1683 713 1721 17,
730 1685 772 1716 52
799 1686 907 1725 ‘quod
923 1685 1012 1716 idem
1028 1685 1191 1727 contingit
1206 1685 1346 1721 insanis,
1370 1688 1405 1714 ut
1421 1689 1452 1715 et
1466 1683 1665 1724 incipientes

187 1727 297 1759 furere
315 1730 458 1760 sentiant
477 1736 506 1760 et
528 1730 637 1761 dicant
657 1730 797 1771 aliquid,
825 1732 915 1772 quod
935 1741 1000 1762 non
1021 1732 1075 1768 sit,
1102 1731 1137 1762 id
1156 1731 1265 1762 uideri
1285 1731 1367 1767 sibi;
1394 1735 1424 1761 et
1444 1739 1533 1760 oum
1552 1729 1665 1760 rela-

186 1779 355 1813 xentur,
387 1776 531 1807 sentiant
557 1781 655 1816 atque
680 1777 739 1808 illa
767 1777 878 1808 dicant
905 1778 1189 1808 Alomaeonis
1217 1775 1315 1818 [56].’
1360 1776 1488 1807 Ibidem
1504 1775 1533 1806 II
1549 1776 1604 1813 27,
1619 1774 1664 1807 88

187 1822 282 1851 ‘cum
311 1827 527 1862 experrectus
556 1828 643 1853 esset
670 1822 796 1854 Ennius
823 1834 888 1855 non
916 1834 952 1855 se
980 1824 1107 1854 uidisse
1127 1823 1328 1861 Homerum,
1363 1822 1423 1853 sed
1443 1822 1554 1852 uisum
1576 1831 1662 1855 esse,

185 1866 361 1898 Alcmaeo’
398 1868 588 1910 (altineo
617 1868 702 1899 Gud.
737 1869 889 1901 altmeo
917 1868 1006 1909 Eri.)
1037 1871 1185 1900 ί31116111ῑ
1221 1869 1376 1900 sed
1414 1868 1662 1899 consentit.'

184 1912 301 1943 Festus
330 1924 363 1955 p.
399 1913 464 1946 165
494 1914 537 1944 M.
576 1918 583 1930 ‘
600 1924 619 1944 11
634 1916 721 1945 euti
735 1925 854 1954 quam
886 1915 960 1957 [pro
981 1914 1072 1945 nullo
1094 1915 1192 1946 modo
1215 1915 1282 1946 diei
1302 1915 1397 1946 testis
1418 1911 1558 1954 est...]
1588 1923 1662 1944 cnm

184 1959 246 1989 ait:
274 1959 335 1990 sed
356 1983 791 1992 .....................
813 1961 919 1992 lorum
939 1961 1078 2002 aspect!
1119 1960 1169 1992 Cf.
1192 1961 1238 1991 IV

229 2005 461 2036 ALEXANDER
522 2007 534 2036 Ι
575 2006 690 2037 Cicero
720 2006 760 2037 de
787 2007 855 2038 diu.
887 2008 900 2037 Ι
928 2007 992 2041 21,
1022 2008 1065 2038 42
1104 2006 1203 2037 ‘haec
1237 2006 1336 2038 etiam
1369 2006 1397 2036 si
1429 2004 1504 2035 ficta
1536 2010 1610 2035 sunt
1643 2014 1661 2035 a

182 2051 301 2090 poeta,
333 2060 398 2081 11011
423 2052 542 2082 absunt
562 2057 672 2082 tamen
699 2062 717 2082 a
739 2053 979 2084 consuetudine
999 2053 1216 2083 somniorum.
1264 2051 1315 2082 Sit
1342 2061 1423 2082 sane
1451 2051 1551 2081 etiam
1577 2051 1660 2081 illud

182 2097 469 2135 commenticium,
526 2107 589 2137 quo
620 2098 773 2129 Priamus
805 2104 851 2130 est
886 2098 1124 2135 conturbatus,
1175 2099 1254 2138 quia
1291 2103 1429 2129 mater
1460 2096 1660 2138 grauida'

182 2152 210 2171 e.
235 2152 265 2182 q.
290 2152 317 2173 s.
357 2143 455 2182 quia
475 2142 646 2174 Ciceronis
668 2154 741 2175 esse
763 2144 799 2176 0.
824 2145 1029 2176 Ribbeckius
1051 2144 1236 2180 intellexit:
1264 2143 1382 2175 eodem
1409 2148 1543 2173 auctore
1562 2143 1660 2173 Ennii

182 2187 376 2220 Alexandro
401 2190 543 2231 ascripsi
565 2189 788 2232 fragmentum
883 2191 913 2222 ΙΙ
939 2192 1058 2223 Festus
1078 2201 1111 2232 p.
1129 2189 1196 2222 360
1216 2190 1260 2221 M.
1289 2190 1478 2221 ‘taenias
1499 2188 1659 2221 Graecam

235 2285 279 2320 56
307 2293 350 2316 116
374 2284 538 2329 utiquam
560 2283 639 2318 Erl.
663 2284 734 2319 Cic.
756 2284 871 2319 Aead.
903 2282 949 2319 ΙΙ
966 2287 1024 2322 88.
1057 2284 1270 2330 nentiquam
1304 2282 1395 2318 Gzccl.
1429 2282 1514 2317 ibid.
1544 2282 1659 2316 neuti-

181 2350 288 2383 quam
318 2341 430 2373 celeri
541 2350 604 2373 cor
635 2340 741 2374 sentit
769 2340 849 2374 ΕΓΖ.
875 2340 944 2375 Cic.
965 2340 1080 2375 Aead.
1112 2339 1161 2374 II
1183 2343 1229 2377 88
1344 2341 1386 2376 57
1428 2339 1513 2384 quia
1543 2342 1659 2373 mater

178 2396 285 2441 uulqo
400 2398 445 2432 58
466 2396 538 2430 fato
558 2395 741 2438 Heinsius,
764 2394 802 2430 O.
819 2396 1047 2434 Ribbeckms.
1070 2396 1165 2431 sacto
1185 2396 1270 2431 libri
1408 2398 1453 2433 62
1475 2395 1659 2429 coniectu-

181 2462 256 2485 ram
287 2450 388 2486 Leicl.
419 2455 452 2486 et
479 2451 560 2486 cdd.
589 2452 672 2497 aliq.
703 2451 836 2487 Orellii.
875 2454 1127 2487 coniecturum
1156 2451 1237 2486 ΕΓΖ.
1275 2450 1378 2486 Vinci.
1409 2451 1655 2485 coniectorem

177 2509 290 2542 veleri
426 2510 471 2544 63
506 2508 657 2542 doceret
698 2507 803 2543 Vz'nd.
832 2509 915 2543 edd.
935 2510 1019 2554 aliq.
1045 2507 1168 2543 Orellii
1279 2507 1487 2552 apollonem
1518 2505 1600 2541 Erl.

234 2566 280 2601 64
296 2564 523 2598 somniorum
533 2564 612 2598 Erl.
727 2567 772 2602 65
789 2566 938 2599 oraculo
950 2565 1032 2600 Erl.
1129 2573 1258 2598 uocem
1278 2563 1440 2598 diuinam
1460 2571 1509 2596 θα·
1521 2561 1660 2596 Eliensi

176 2619 350 2654 Dauisius
464 2620 612 2654 diuinae
637 2620 853 2655 deditLeicI.
966 2623 1011 2658 66
1027 2620 1128 2665 prius
1155 2618 1261 2654 Vincl.
1373 2619 1418 2655 67
1435 2622 1657 2663 temperaret

179 2676 304 2709 1011616
325 2676 404 2711 cod.
430 2675 556 2719 Vossii,
587 2676 691 2711 Vv'ml.
714 2688 761 2711 m.
776 2688 852 2722 pr..
874 2688 943 2711 om.
963 2677 1042 2711 cod.
1061 2675 1099 2711 S.
1127 2675 1289 2711 Victoria
1311 2678 1502 2719 temptaret
1526 2674 1654 2707 1011616

177 2731 293 2766 Palm.
315 2732 335 2765 b
364 2731 446 2766 ΕΓΖ.
476 2736 640 2776 tempora
670 2733 844 2767 extollere
875 2732 979 2769 Vinci.
1008 2743 1054 2767 m.
1083 2732 1145 2766 all.
1176 2736 1341 2776 tempora
1371 2734 1404 2764 et
1431 2730 1556 2763 tollere
1579 2729 1650 2765 alii.

176 2790 339 2831 tempora
362 2787 457 2822 1111116
480 2788 509 2822 si
532 2788 672 2822 tolleret
691 2789 799 2834 uulgo
