1762 3057
222 204 282 234 Lx
751 197 1166 242 QvAEs'rtoNEs

222 307 336 345 dubie
374 307 627 354 Quintilianus
671 307 726 355 (ll
758 307 821 355 17,
854 307 951 357 24).
991 308 1053 357 qui
1089 308 1231 345 omisso
1269 309 1418 358 quidem
1453 315 1593 360 poetae
1624 322 1690 348 no-

220 379 317 415 mine
351 378 447 416 haec
478 383 618 414 tantum
655 381 737 414 dam
773 381 916 415 clauum
947 385 1086 415 rectam
1121 386 1260 416 teneam
1291 379 1434 427 adfert„
1467 381 1533 419 sed
1567 382 1615 419 ita
1653 388 1691 420 ut

221 458 295 496 quo
333 448 414 485 fere
445 460 541 484 nexu
575 448 606 484 is
645 459 781 484 uersus
820 447 917 496 apud
952 447 1111 485 Ennium
1142 447 1290 486 habitus
1326 449 1439 487 fuerit
1478 451 1688 500 significet:

222 520 312 554 Nam
353 524 386 554 el
410 522 634 566 (saber-nator
679 519 796 568 inquit
836 521 912 555 111th
945 521 1051 556 salua
1080 532 1176 557 naue
1218 523 1255 556 in
1287 527 1434 568 portum
1468 527 1690 570 peruenire.-

217 591 249 624 εἰ
277 594 393 624 lamen
425 595 631 636 tempestate
654 591 769 637 fueri!
795 591 984 637 abreptus.
1014 603 1084 626 non
1114 592 1191 626 ideo
1221 594 1339 628 minus
1364 595 1432 628 erit
1455 594 1689 642 qabernalor‚

218 661 378 707 dicetque
408 666 529 696 notum
560 663 665 697 illud:
696 663 779 697 dum
807 662 951 697 clauum
979 667 1114 697 rectum
1147 666 1295 697 teneam.
1342 661 1424 708 Qua
1450 675 1491 700 re
1524 662 1611 701 uide
1643 676 1688 702 an

219 730 252 767 hi
297 730 371 768 dno
415 741 573 778 uersus9
632 730 769 781 quibus
815 731 965 768 tertium
1009 730 1169 768 forsitan
1215 730 1331 768 addas
1372 735 1481 780 fartis
1521 737 1687 780 Romani,

215 815 434 849 qtmtnqmcm
463 803 586 838 caelus
607 803 822 849 profundas
859 802 953 846 (inc.
985 802 1064 839 sed.
1099 800 1226 851 XXV)
1270 802 1454 851 fragmina
1486 817 1506 842 e
1537 806 1687 843 naufra-

215 871 265 919 gii
294 870 508 916 cuiusdam,
547 871 611 908 uel
648 870 748 907 illius
781 871 882 920 quod
915 872 961 908 ad
993 882 1097 908 oram
1128 872 1293 909 Siculam
1332 873 1471 910 factum
1503 873 1686 922 Polybius

214 943 228 980 I
254 942 305 979 37
337 941 527 992 perhibet7
560 941 821 991 descriptione
852 941 1057 981 resideant.
1103 941 1157 978 Ibi
1186 943 1283 979 enim
1308 943 1544 992 gubernator
1570 956 1686 995 prop-

215 1018 272 1049 ter
325 1012 567 1048 inminentem
617 1024 727 1061 quam
782 1011 1033 1061 praeuidebat
1083 1018 1351 1062 tempestatem
1405 1014 1685 1063 nauigationem

213 1083 470 1121 dissuaserat:
515 1082 583 1119 sed
614 1093 634 1118 a
668 1082 765 1119 duce
796 1081 970 1119 Romano
1011 1083 1116 1119 cuius
1156 1088 1241 1119 sunt
1272 1074 1440 1123 fortasse
1471 1085 1535 1123 illa
1566 1085 1684 1124 uerba

215 1164 312 1202 qnae
344 1152 390 1189 fr.
419 1151 527 1189 XXV
559 1153 726 1189 continet
758 1163 831 1189 non
860 1151 1095 1189 audiebatur.
1159 1153 1236 1190 Sed
1266 1153 1362 1190 haec
1393 1154 1429 1190 in
1461 1153 1683 1191 coniectura

212 1223 335 1271 posita
375 1228 470 1259 sunt.
534 1221 633 1268 Quin
668 1221 737 1258 hos
779 1234 916 1259 uersus
954 1233 1107 1269 omnes,
1149 1222 1285 1272 quibus
1318 1223 1442 1261 editor
1471 1222 1682 1273 Lipsiensis

211 1305 315 1330 snam
353 1293 489 1342 cuique
529 1292 681 1340 sedem,
725 1298 761 1329 ut
801 1293 873 1341 ipsi
905 1293 1025 1329 uisum
1057 1298 1113 1329 est
1146 1294 1416 1342 certissimam,
1453 1293 1681 1342 adsignauit,

211 1362 318 1410 1ni11i‚
359 1363 536 1413 quoniam
575 1363 610 1399 in
640 1361 870 1399 Antiochico
910 1374 1063 1411 quoque
1106 1362 1211 1400 bello
1242 1363 1314 1413 (cf.
1335 1362 1423 1401 XIV
1457 1364 1502 1404 fr.
1533 1361 1679 1414 I—IV)

212 1445 273 1469 res
309 1435 401 1471 mari
433 1440 470 1472 et
502 1433 660 1471 nauibus
692 1439 802 1482 gesta
834 1438 913 1480 θεῖ,
951 1445 998 1469 ne
1030 1431 1105 1469 hoc
1138 1434 1290 1483 quidem
1325 1435 1449 1472 euinci
1479 1445 1597 1485 posse
1627 1435 1679 1471 ui-

211 1503 319 1541 detur
351 1506 501 1542 omnino
533 1505 568 1541 in
600 1504 742 1541 Punico
773 1503 880 1541 bello
908 1503 1034 1540 locum
1060 1502 1254 1541 habuisse.

323 1574 444 1612 Porro
487 1576 532 1612 fr.
559 1574 648 1612 XVI
694 1580 731 1611 et
770 1574 892 1611 XVII:
935 1576 1090 1622 fortibus
1135 1581 1186 1611 est
1219 1577 1370 1623 fortuna
1409 1577 1494 1610 (lala
1534 1565 1571 1611 et
1608 1587 1680 1611 non

206 1656 351 1692 semper
389 1652 514 1682 nostra
556 1652 712 1683 eaortel:
752 1658 848 1682 num:
886 1646 1054 1692 Iuppiter
1090 1647 1161 1681 hac
1198 1652 1269 1682 stat
1299 1645 1386 1682 mihi
1416 1645 1496 1682 uisa
1528 1650 1612 1682 sunt
1644 1645 1680 1681 in

207 1713 314 1751 ducis
346 1714 507 1752 aIIcuius
539 1715 803 1753 cohortatione
831 1715 876 1751 ad
909 1715 1136 1764 perterritos
1168 1715 1307 1752 milites
1338 1714 1465 1752 habita
1494 1714 1582 1752 olim
1613 1726 1678 1752 co-

206 1784 393 1822 haesisse.
457 1786 600 1835 Hugius
648 1785 800 1835 quidem
843 1785 1076 1834 propensior
1118 1790 1174 1822 est
1204 1784 1249 1822 ad
1295 1785 1525 1823 credendum
1565 1792 1601 1823 et
1632 1787 1676 1826 fr.

206 1854 313 1892 XVII
346 1862 383 1893 et
414 1856 506 1894 hoc:
545 1859 613 1893 heu
637 1860 808 1904 quianam
830 1858 931 1892 dictis
962 1858 1095 1892 nostris
1118 1847 1290 1892 sententia
1309 1859 1413 1903 fleam
1431 1863 1482 1893 est
1508 1855 1676 1905 (XVIII)

207 1937 227 1961 e
255 1925 413 1962 deorum
452 1926 615 1976 quodam
658 1937 845 1962 consessu
886 1924 1111 1974 deprompta
1156 1936 1268 1972 esse,
1315 1924 1467 1962 scilicet
1500 1925 1674 1975 Vergilio

210 1995 390 2042 confisus³
417 1996 480 2044 qui
501 1995 598 2033 Aen.
620 1995 655 2032 X
673 1996 696 2033 6
719 1994 765 2031 ab
785 1994 906 2031 Ennio
931 1994 1103 2031 colorem
1127 2000 1314 2031 mutuatus
1342 1995 1377 2031 in
1403 1995 1563 2032 deorum
1587 2006 1676 2032 con-

208 2076 317 2100 sessu
336 2069 506 2112 quianam
527 2066 575 2103 ait
603 2069 776 2102 sententia
798 2068 896 2101 nohis
923 2067 1038 2101 Versa
1058 2071 1182 2101 retro?
1222 2064 1304 2111 Qua
1325 2078 1366 2102 re
1388 2065 1532 2115 Hugius
1552 2065 1673 2103 Ennio

207 2132 285 2169 uult
312 2138 444 2170 nostris
478 2137 578 2171 dictis
607 2136 775 2182 restitui„
811 2136 845 2171 in
880 2147 963 2171 eum
995 2146 1146 2171 sensum
1176 2141 1212 2171 ut
1242 2141 1300 2172 est
1334 2136 1432 2185 apud
1461 2135 1673 2185 Vergilium

206 2205 317 2240 uobis.
387 2203 464 2240 Sed
496 2203 570 2241 hoc
602 2217 684 2241 cum
713 2205 822 2242 ualde
846 2204 1014 2241 dubitem
1040 2216 1124 2241 num
1158 2210 1266 2242 recte
1292 2205 1439 2244 dicatur
1460 2210 1562 2244 dictis
1590 2220 1671 2245 uos-

205 2275 270 2308 tris
301 2272 345 2317 (i.
371 2284 404 2308 e.
430 2274 547 2323 nobis)
579 2279 753 2312 sententia
783 2279 885 2323 flava
912 2281 982 2321 est.
1021 2280 1095 2311 tum
1127 2276 1162 2312 in
1189 2275 1298 2313 Ennii
1331 2278 1496 2315 carmine
1526 2283 1672 2315 restau-

204 2341 321 2378 rando
367 2348 475 2379 caute
514 2342 726 2391 Vergilium
774 2345 882 2394 sequi
928 2351 1110 2394 praestat.
1187 2345 1419 2398 Quamquam
1461 2347 1671 2385 editoribus

203 2411 317 2448 nolim
350 2413 525 2462 equidem
557 2413 777 2463 astipulari.
827 2426 911 2451 eum
942 2427 1093 2452 uersum
1122 2416 1261 2465 Reguli
1293 2429 1382 2455 esse
1413 2417 1669 2467 opinantibus,

203 2492 278 2531 quo
309 2481 374 2518 ille
403 2481 596 2520 Romanos
628 2484 675 2521 de
709 2486 906 2522 tormentis
939 2496 1036 2534 quae
1070 2487 1191 2536 ipsum
1223 2488 1258 2524 in
1287 2487 1455 2524 Africam
1488 2486 1669 2525 reducem

202 2557 397 2588 manerent
440 2560 697 2602 pauescentes
740 2555 1046 2605 compellanerit.
1109 2556 1244 2594 Altero
1275 2563 1419 2603 autem,
1461 2556 1562 2605 quod
1594 2556 1667 2594 En-

202 2622 284 2658 nius
317 2622 426 2669 dicit.
456 2637 554 2660 nanc
583 2626 750 2673 Iuppiter
780 2627 850 2662 hac
878 2632 965 2672 stat,
996 2626 1093 2675 apud
1126 2626 1336 2675 Vergilium
1370 2625 1467 2662 Aen.
1493 2625 1564 2663 XII
1586 2626 1666 2665 565

200 2691 355 2729 Aeneas
395 2692 453 2729 cui
491 2695 668 2740 genetrix
708 2705 846 2731 recens
887 2695 1046 2731 animum
1081 2696 1284 2743 iniecerat⁷
1327 2696 1456 2732 socios
1489 2696 1665 2735 cohorta-

200 2765 303 2796 turus
334 2761 459 2798 utitur.
