1762 3057
621 185 625 189 ’
675 186 995 230 REMQviAE
1521 178 1574 219 97

791 296 846 341 ΙΙΙ
865 295 885 318 *

235 386 480 431 Mulierem:
528 386 630 445 quid
671 386 817 444 p6tius
849 387 987 431 dicam
1025 388 1099 430 aut
1129 385 1278 430 uerius
1314 399 1442 444 quam
1472 386 1574 429 mu-

975 454 1154 498 lierem?

483 645 599 689 unde
631 644 737 689 haec
763 646 937 689 flamma
966 645 1133 689 oritur?

664 735 683 756 *
985 734 1004 756 *

823 774 843 795 ιᾳ

233 824 453 869 'Incedunt
490 825 720 880 incedunt,
771 826 931 870 adsunt
967 825 1127 869 adsunt
1160 824 1340 876 adsunt,
1388 838 1454 868 ine
1486 823 1571 867 e'x-

974 896 1138 952 petunt.

666 982 685 1003 *
985 983 1002 1004 *

824 1021 843 1041 ηε

145 1080 196 1117 50
236 1073 317 1116 Fer
335 1072 389 1116 mi
410 1073 633 1128 auxilium,
660 1074 826 1131 pestem
847 1074 976 1133 abige
995 1089 1020 1117 a
1039 1088 1120 1127 me,
1145 1074 1442 1117 flammiferam
1462 1072 1571 1116 hanc

749 1143 857 1195 uini,
897 1142 1008 1201 quae
1040 1156 1107 1185 me
1139 1142 1372 1186 excruciat.

177 1237 203 1265 s
233 1207 447 1252 Caeruleo
482 1208 690 1253 incinctae
725 1210 858 1269 :ingui
896 1210 1120 1263 incedunt,
1159 1212 1437 1254 circumstant
1474 1223 1570 1252 cum

977 1278 1230 1323 ardentibus
1258 1278 1407 1322 taedis.

665 1365 686 1388 ³0¹
984 1366 1004 1388 *

825 1406 843 1426 ,ᾳ

375 1467 559 1512 Intendit
590 1467 769 1512 crinitus
803 1468 964 1527 Apollo

372 1537 535 1580 Arcum
565 1536 784 1590 auratum,
824 1536 926 1580 luna
957 1537 1145 1589 inuitum,

143 1609 194 1645 55
371 1603 507 1648 Diana
533 1604 669 1648 facem
696 1603 794 1647 iacit
820 1605 845 1647 a
874 1604 1013 1648 laeua.

97 1741 216 1774 quotus
250 1737 411 1777 quisque,
451 1738 504 1768 cui
537 1746 626 1768 mors
661 1747 735 1767 cuni
766 1737 1032 1778 adpropinquet,
1073 1744 1136 1766 nou
1172 1734 1382 1775 refugiat’
1415 1744 1443 1765 e.
1479 1744 1510 1773 q.
1543 1746 1569 1762 s.

99 1779 224 1812 Nonius
251 1792 284 1823 p.
307 1784 385 1821 224,
409 1783 451 1815 16
479 1783 679 1824 ‘sanguis
793 1789 908 1814 neutro
936 1801 978 1806 —
1011 1781 1125 1813 Cicero
1153 1780 1194 1811 dc
1216 1779 1338 1811 finibus
1359 1780 1522 1811 bonorum
1541 1785 1571 1809 et

97 1826 261 1858 malorum
295 1828 353 1860 lib.
386 1830 434 1860 V:
477 1836 598 1869 quotus
631 1829 774 1869 quisque
809 1830 875 1860 est'
916 1841 944 1860 e.
967 1841 998 1869 q.
1024 1838 1050 1858 s.
1100 1827 1292 1858 Priscianus
1322 1826 1364 1856 vl
1395 1835 1427 1867 p.
1450 1824 1516 1855 708
1535 1824 1569 1854 P.

96 1872 127 1913 (Ι
147 1882 179 1914 p.
202 1874 267 1905 262
289 1874 348 1915 Κ.)
375 1878 523 1907 ‘ueteres
543 1875 607 1907 hoc
626 1884 817 1916 sanguen
838 1875 1005 1906 dixerunt.
1049 1874 1164 1904 Cicero
1188 1873 1220 1903 in
1243 1872 1439 1903 Hortensio:
1472 1877 1505 1901 ut
1527 1871 1573 1900 ait

99 1917 242 1950 Ennius:
284 1921 504 1963 refugiat'
544 1932 572 1953 e.
606 1932 636 1960 q.
668 1932 694 1951 s.
794 1921 840 1952 ΙΙΙ
878 1921 1023 1952 Rutilius
1049 1919 1163 1960 Lupus
1196 1919 1206 1948 Ι
1240 1918 1280 1949 12
1310 1928 1342 1959 p.
1364 1915 1408 1949 43
1435 1916 1569 1948 Ruhuk.

98 1964 300 2007 ‘diaphora:
329 1967 393 1998 hoc
415 1967 552 1999 schema
570 1974 636 2003 est,
665 1977 738 2009 cuin
763 1967 902 1998 uerbum
929 1968 1083 1998 iteratum
1103 1965 1204 1996 aliam
1224 1964 1424 1995 sententiam
1443 1961 1572 2004 signifi—

97 2017 168 2048 cat,
196 2022 236 2042 ac
259 2013 465 2055 significauit
485 2015 594 2055 primo
613 2012 750 2044 dictum.
799 2013 834 2044 Id
854 2019 903 2044 est
929 2013 1029 2044 huius
1048 2010 1139 2042 modi
1269 2010 1368 2041 [tem
1396 2009 1572 2040 uniuer-

97 2066 184 2088 sum
213 2058 448 2091 mulierem’
485 2071 513 2091 e.
538 2070 569 2100 q.
593 2070 620 2090 s.
671 2060 772 2090 Item
799 2059 902 2090 Enni
930 2067 1100 2090 uersus:
1128 2056 1350 2087 mulierem
1370 2054 1570 2088 Meinekius,

98 2103 153 2142 qui
175 2103 285 2135 aliena
307 2115 408 2137 manu
428 2105 511 2137 haec
537 2117 553 2137 e
582 2105 733 2146 margine
761 2104 864 2135 inlata
892 2115 965 2137 esse
992 2104 1195 2146 suspicatur.
1234 2101 1472 2133 Alcumaeonis
1497 2110 1571 2131 esse

98 2150 135 2179 O.
148 2148 354 2182 Ribbeckius
369 2152 511 2183 coniecit
590 2152 635 2182 IV
655 2150 771 2182 Cicero
784 2151 889 2182 Acad.
902 2161 951 2193 pr.
965 2148 1115 2188 1128‚89
1135 2148 1259 2189 ‘quid?
1280 2149 1353 2189 ipse
1372 2147 1570 2178 Alcmaeo

97 2200 192 2232 tuus,
226 2197 295 2236 qui
324 2203 449 2239 negat
475 2207 543 2229 cor
570 2197 654 2228 sibi
683 2207 775 2227 eum
802 2197 941 2228 oculis
973 2196 1236 2231 consentire,
1270 2203 1379 2225 nonne
1406 2192 1570 2224 ibidem

99 2241 309 2273 incitatus
328 2242 495 2274 furore:
521 2243 646 2274 unde’
673 2253 700 2273 e.
718 2253 749 2282 q.
766 2252 793 2273 s.
820 2241 890 2284 [48]
921 2246 973 2274 ‘et
995 2242 1073 2273 illa
1093 2241 1314 2281 deinceps:
1348 2238 1568 2270 incedunt'

97 2297 126 2317 e.
151 2297 182 2326 q.
206 2297 232 2318 s.
258 2286 330 2330 [49]
368 2289 494 2328 ‘quid?
521 2299 595 2320 cum
623 2289 813 2329 uirginis
835 2288 967 2319 fidem
995 2288 1205 2330 inplorat:
1235 2285 1306 2327 [50.
1326 2283 1384 2326 51]
1409 2294 1488 2315 num
1509 2284 1570 2314 du-

97 2332 202 2370 bitas,
231 2334 310 2373 quin
331 2334 396 2365 sibi
414 2334 498 2365 haec
516 2335 632 2366 uidere
648 2334 830 2365 uideatur?
857 2335 1001 2374 itemque
1021 2339 1182 2364 cetera:
1211 2331 1422 2362 intendit'
1446 2342 1474 2360 e.
1492 2340 1522 2369 q.
1541 2339 1568 2359 s.

98 2377 263 2421 [53—55]
300 2381 376 2419 ‘qui
403 2380 513 2422 magis
538 2380 621 2411 haec
646 2379 811 2417 crederet,
837 2380 866 2410 si
892 2386 1023 2417 essent,
1051 2389 1151 2419 quam
1171 2377 1349 2413 credebat,
1376 2377 1455 2416 quia
1475 2375 1571 2405 uide-

97 2424 241 2456 bantur?
275 2431 416 2467 apparet
435 2426 524 2457 enim
545 2427 612 2457 iam
635 2434 705 2456 cor
731 2435 821 2456 cum
848 2426 990 2456 oculis
1017 2424 1286 2456 consentire.'

149 2545 195 2580 49
223 2541 444 2577 Ememlcmil
465 2539 505 2576 Ο.
530 2539 761 2575 Ribbeck-ius.
784 2539 938 2574 incaede
963 2541 997 2574 in
1018 2538 1134 2574 caede
1160 2537 1295 2573 adsunt
1317 2548 1374 2571 me
1396 2540 1567 2582 expetunt

104 2596 210 2632 Vind.
243 2597 374 2633 incede
406 2601 535 2632 assunt
567 2607 623 2630 nie
645 2600 819 2641 expetunt
848 2595 930 2630 Erl.
963 2594 1095 2631 incede
1125 2593 1256 2629 incede
1279 2592 1413 2628 adsunt
1434 2592 1568 2628 adsunt

94 2664 152 2687 me
180 2664 238 2688 me
271 2658 447 2699 expetunt
476 2653 588 2687 ceteri
725 2655 768 2688 51
813 2653 983 2686 caeruleo
1023 2650 1209 2686 Columna.
1247 2649 1419 2685 caerulea
1461 2647 1566 2684 Vind.

94 2710 264 2744 caerulee
293 2709 374 2744 Erl.
406 2709 599 2744 caeruleae
629 2709 740 2743 ceteri
767 2707 851 2742 libri
965 2708 1075 2753 angui
1099 2706 1282 2742 Columna.
1306 2705 1383 2751 igni
1404 2704 1487 2739 libri

150 2769 195 2802 55
216 2766 317 2800 faces
336 2775 432 2801 unus
455 2763 571 2800 Ooeon.

205 2831 354 2867 Exn-ivs.
1269 2823 1292 2866 7
