1762 3057
172 180 227 222 44
756 183 1062 219 ANNALIVM

846 296 948 340 XIX
970 295 988 317 *

317 379 503 434 Quintus
528 381 651 436 pater
677 378 875 435 quartum
908 375 955 419 fit
983 375 1137 419 consul

852 473 935 518 XX
956 473 973 495 *

730 552 784 596 de
811 552 947 597 muris
973 567 1063 597 rem
1090 553 1204 612 gerit
1230 550 1417 611 Opscus.

843 650 945 694 XXI
966 650 984 671 *

195 734 275 773 295
315 727 380 773 Ob
410 729 592 772 Romam
622 731 751 772 noctu
779 728 978 787 legiones
1006 728 1165 772 ducere
1195 729 1349 787 coepit.

833 824 951 868 XXII
974 823 992 845 *

314 902 520 946 Summus
547 902 602 946 ibi
628 902 795 961 capitur
820 902 1016 947 meddix:
1056 903 1265 948 occiditur
1291 904 1411 949 alter.

848 1000 986 1044 XXIII

478 1079 613 1122 multa
639 1077 732 1122 dies
762 1078 804 1122 in
832 1078 944 1122 bello
971 1078 1144 1123 conficit
1175 1094 1308 1123 unus:

312 1147 365 1191 Et
394 1161 546 1190 rursus
574 1146 733 1190 multae
765 1147 963 1191 fortunae
991 1147 1101 1191 sorte
1132 1147 1404 1192 recumbunt:

314 1215 663 1275 Haud‹51uaquam
695 1230 954 1275 quemquam
982 1230 1155 1274 semper
1183 1217 1359 1260 fortuna
1383 1218 1535 1261 secuta
1559 1220 1637 1261 est.

176 1352 184 1365 ‘
198 1359 215 1380 o
229 1360 382 1380 census
410 1349 564 1380 interitus
670 1359 734 1389 quo
762 1349 925 1381 uocabulo
945 1350 1071 1380 Ennius
1099 1354 1147 1379 est
1174 1358 1253 1379 usus
1281 1349 1312 1379 in
1333 1348 1390 1379 lib.
1413 1350 1454 1379 II:
1488 1348 1549 1391 [lv
1568 1349 1608 1380 fr.
1629 1350 1654 1391 I]

179 1397 255 1427 item
275 1396 306 1425 in
330 1396 350 1425 l.
368 1396 413 1425 V:
443 1394 485 1436 [l]
521 1396 599 1426 item
622 1396 653 1425 in
675 1396 694 1425 l.
715 1396 787 1426 vlit
978 1395 1057 1426 XIX
1077 1394 1272 1426 GelliusXI
1296 1402 1303 1409 ·
1317 1395 1419 1426 uerba
1438 1395 1480 1426 M.
1494 1396 1657 1428 Varronis

179 1453 219 1473 ex
244 1442 328 1472 libro
356 1442 613 1483 disciplinarum
632 1442 746 1481 quinto
767 1442 848 1473 haec
867 1448 961 1472 sunt:
997 1441 1089 1472 aliud
1115 1447 1164 1471 est
1193 1446 1346 1480 quarto
1370 1446 1557 1482 praetorem
1585 1442 1656 1474 fieri

177 1494 208 1519 et
238 1493 454 1527 quartum:
491 1488 580 1527 quod
601 1495 716 1529 quarto
738 1488 846 1519 locuni
867 1488 1078 1530 adsignificat
1099 1497 1136 1517 ae
1157 1493 1223 1517 tres
1245 1492 1320 1517 ante
1342 1486 1468 1525 fa‹·t0s;
1503 1494 1656 1528 quartum

176 1540 310 1576 tempus
342 1534 553 1576 adsignificat
580 1540 609 1564 ct
637 1533 686 1565 ter
713 1540 787 1565 ante
814 1535 950 1565 fuctum.
997 1535 1101 1575 Igitur
1119 1534 1246 1564 Ennius
1278 1538 1366 1564 recte
1387 1534 1476 1573 quod
1501 1535 1655 1576 scripsit:

179 1580 336 1618 Quintus*
360 1592 387 1611 e.
401 1591 432 1620 q.
446 1591 472 1611 s.
497 1581 684 1621 (Ennius
702 1587 814 1611 recte
832 1581 942 1620 quod
961 1580 1145 1621 scripsit
1163 1579 1356 1621 bisLugd.)
1376 1579 1504 1611 Nonius
1524 1591 1557 1622 p.
1575 1580 1656 1620 435,

180 1626 219 1657 123
245 1632 459 1666 ‘quai-tum
483 1632 512 1657 et
533 1633 685 1666 quarto
712 1627 894 1668 prudentes
914 1627 1048 1657 differre
1065 1626 1233 1657 dixerunt.
1270 1626 1375 1657 Varro
1400 1626 1656 1668 disciplinarum

177 1674 311 1713 quinto:
339 1673 430 1703 aliud
451 1678 498 1703 est
519 1678 635 1712 quarto
656 1680 843 1714 praetorem
866 1674 934 1704 fieri
955 1673 1045 1703 aliud
1068 1672 1259 1712 quartum':
1287 1671 1434 1713 (aliud
1454 1678 1656 1713 quartum

177 1729 242 1750 om.
275 1718 403 1758 Laid.)
426 1724 477 1749 ‘et
505 1720 677 1759 quartum'
713 1723 894 1759 (quarto
924 1718 1040 1755 Lem.)
1079 1719 1206 1749 *locum
1233 1718 1403 1760 significat
1427 1724 1457 1750 et
1486 1725 1552 1750 tres
1582 1725 1657 1752 ante

178 1766 283 1796 factos
297 1789 304 1801 ‚
337 1770 454 1805 quarto
479 1769 612 1806 tempus
634 1766 800 1807 significat
821 1771 850 1796 et
872 1770 922 1796 ter
942 1771 1016 1796 ante
1038 1765 1173 1796 factum.
1214 1765 1339 1795 Ennius
1358 1770 1464 1796 recte:
1496 1765 1654 1803 Quintus'

177 1823 205 1842 e.
236 1823 267 1851 q.
301 1822 327 1841 S.
379 1812 462 1842 Huic
496 1811 580 1842 libro
607 1811 734 1842 Merula
764 1812 901 1843 ascribit
933 1821 1007 1842 cum
1039 1811 1145 1841 tribus
1182 1810 1349 1852 proximis
1442 1810 1507 1842 XX
1539 1812 1657 1843 Festus

177 1868 210 1899 p.
228 1857 292 1889 198
302 1857 344 1888 M.
375 1865 382 1873 ·
395 1856 526 1889 Oscos
545 1868 628 1897 quos
643 1858 786 1888 dicimus
801 1858 845 1888 ait
863 1858 1000 1889 Verrius
1016 1857 1154 1899 Opsco
1167 1868 1181 1887 s
1202 1862 1300 1887 antea
1319 1857 1426 1887 dictos
1445 1862 1529 1888 teste
1549 1858 1656 1889 Ennio

178 1913 277 1944 quom
300 1903 405 1934 dicat:
441 1904 503 1934 de'
537 1914 566 1934 e.
587 1914 619 1943 q.
641 1914 668 1934 s.
764 1904 845 1934 XXI
871 1904 994 1934 Paulus
1020 1904 1109 1933 Festi
1128 1912 1160 1944 p.
1187 1902 1249 1933 179
1270 1902 1313 1933 Μ.
1352 1902 1421 1933 ·0b
1449 1905 1656 1945 praepositio

178 1974 185 1980 .
276 1959 335 1991 pro
360 1950 402 1981 ad
417 1974 424 1983 .
453 1956 486 1980 ut
507 1950 651 1980 Ennius:
691 1950 754 1980 oh'
783 1962 810 1980 υ.
845 1961 875 1989 q.
903 1960 930 1980 s.
970 1950 1087 1979 Festus
1108 1959 1141 1990 p.
1165 1947 1229 1979 178
1250 1948 1292 1979 M.
1320 1950 1415 1990 (post
1433 1959 1591 1991 magnam
1610 1951 1657 1981 la-

178 1995 318 2031 cunam)
352 1996 513 2026 'Romam
538 2006 600 2027 noc
625 2019 929 2026 ...............
964 1996 1004 2026 ob
1026 1995 1161 2025 Troiam
1190 1994 1310 2025 duxit.'
1359 1994 1450 2025 Idem
1471 2005 1504 2036 p.
1528 1994 1593 2028 190
1611 1997 1654 2028 M.

179 2046 186 2058 ⁶
200 2042 485 2083 praepositionem
507 2042 554 2072 ob
577 2052 636 2083 pro
654 2041 697 2072 ad
717 2042 848 2072 solitam
870 2042 948 2082 poni
971 2042 1066 2072 testis
1085 2041 1139 2072 liic
1160 2050 1278 2071 uersus
1371 2045 1401 2071 et
1422 2041 1568 2072 Ennius:
1596 2043 1654 2073 ob'

178 2099 206 2119 e.
230 2098 260 2127 q.
283 2098 310 2118 s.
361 2088 485 2118 Paulus
503 2097 536 2128 p.
559 2088 622 2119 147
641 2088 685 2118 M.
726 2089 734 2103 ‘
748 2092 887 2118 mortem
908 2087 1019 2118 obisse
1039 2087 1183 2118 dicimus
1202 2097 1241 2117 ea
1259 2086 1499 2118 consuetudine
1520 2098 1585 2127 qua
1606 2089 1656 2120 di-

178 2139 298 2165 xerunt
329 2134 456 2173 antiqui
489 2134 534 2164 ob
561 2134 731 2165 Romam
766 2134 970 2175 legiones
1001 2134 1150 2165 ductas
1186 2139 1216 2163 et
1247 2133 1295 2164 ob
1327 2133 1498 2164 Romam
1526 2134 1657 2166 duxit

178 2190 278 2211 exer
290 2180 379 2210 citu
391 2180 447 2210 m.'
542 2180 639 2210 XXII
670 2179 792 2210 Paulus
818 2180 905 2211 Festi
929 2190 962 2221 p.
984 2180 1046 2212 123
1061 2180 1103 2210 M.
1140 2179 1247 2210 *med
1260 2178 1334 2209 dix
1359 2179 1451 2221 apud
1468 2178 1572 2211 Oscos
1599 2191 1656 2212 no-

177 2236 252 2257 men
273 2226 489 2267 magistratus
511 2232 571 2257 est.
609 2227 755 2257 Ennius:
776 2227 944 2257 summus'
965 2238 993 2257 e.
1015 2237 1046 2266 q.
1068 2238 1094 2257 s.
1134 2225 1297 2256 Thes-aur.
1318 2234 1395 2256 nou.
1415 2225 1487 2257 Lat.
1508 2227 1568 2268 (A.
1589 2227 1656 2258 Mai

178 2278 265 2306 aut-t.
287 2272 386 2303 class.
408 2272 486 2303 VIII
509 2270 593 2313 360)
622 2273 733 2303 ‘med
746 2272 812 2303 dis
832 2274 1067 2313 magistratus,
1096 2271 1336 2303 (Iidascalatus.
1385 2271 1572 2304 Caecilius:
1599 2273 1657 2304 ubi

178 2319 349 2350 summus'
389 2330 417 2350 e.
439 2330 470 2358 q.
492 2329 518 2350 s.
616 2318 728 2349 XXIII
756 2319 945 2350 Macrobius
968 2320 1037 2350 Sat.
1060 2319 1105 2349 vt
1128 2320 1147 2350 2
1176 2328 1209 2360 p.
1233 2318 1301 2350 510
1319 2318 1393 2349 Jan.
1432 2319 1556 2350 ‘multa
1584 2319 1657 2351 dies

233 2437 301 2471 293
333 2434 506 2478 Quintus]
543 2435 705 2479 quintum
744 2433 846 2469 Ler‘d.
988 2437 1056 2472 296
1092 2435 1151 2469 ubi
1182 2446 1348 2469 summus
1382 2434 1414 2469 T
1411 2433 1561 2469 hesctur.
1605 2434 1655 2481 cf.

178 2490 361 2537 Berylsz‘zcs
383 2489 467 2525 Ince.
491 2491 570 2525 lect.
592 2490 715 2525 Mart).
737 2495 825 2525 aest.
850 2494 939 2528 1844
956 2502 1000 2537 p.
1022 2489 1109 2533 III,
1140 2490 1202 2525 ubi
1220 2495 1338 2525 tamen
1371 2492 1537 2525 ‘laticum
1558 2491 1654 2526 med-

178 2547 291 2581 ‹lz'cem
304 2548 312 2561 '
347 2557 451 2593 quem
465 2549 577 2592 ροϋία
607 2550 801 2582 ‘summum
818 2548 826 2561 '
848 2540 945 2582 ‘dicit
960 2558 1097 2594 parum
1112 2551 1209 2582 recte
1227 2547 1413 2592 explicuit.
1450 2545 1575 2588 Quode
1596 2547 1659 2582 adi

182 2602 212 2637 T
211 2603 247 2637 Ιι.
268 2602 530 2638 illommsenmn
554 2603 598 2638 [Ie
618 2603 779 2638 dialectis
800 2602 884 2638 Ital.
908 2603 976 2649 inf.
996 2615 1036 2648 p.
1057 2606 1140 2640 304.
1175 2603 1219 2638 cle
1243 2602 1403 2638 medelice
1422 2602 1515 2637 idem
1529 2614 1570 2648 p.
1587 2605 1655 2640 278

177 2662 209 2692 et
231 2658 503 2694 Schocmcmmcs
523 2658 606 2694 Ina.
629 2659 743 2694 schol.
771 2659 976 2706 Gryphism.
999 2663 1086 2694 aest.
1113 2662 1204 2696 1840
1345 2658 1432 2692 Post
1464 2660 1530 2696 297
1552 2660 1652 2693 exci-

178 2714 271 2749 disse
290 2715 510 2750 uersiculum
529 2716 696 2761 suspicor
839 2718 906 2753 299
935 2726 1157 2761 quemquam
1186 2725 1256 2750 om.
1277 2714 1416 2761 Anylic.
1439 2713 1530 2749 Par.
1552 2713 1652 2749 Med.

178 2769 295 2816 Neap.
