1762 3057
181 166 261 207 192

179 290 326 312 aurum
347 289 457 320 posco
483 279 571 310 Arm.
592 279 659 311 200
680 289 767 310 auro
794 280 900 312 ebore

224 327 436 357 instructam
470 325 570 366 Tragy.
608 326 672 356 122
704 326 797 358 ferro
828 338 899 358 non

223 383 309 404 auro
342 373 453 403 uitam
486 382 670 402 cernamus
708 372 797 406 Arm.
833 375 899 405 202

223 429 325 450 nemo
359 419 452 449 ferro
483 418 601 458 potuit
636 428 806 460 superare
834 430 900 451 nec

224 475 310 496 auro
336 465 423 498 Αηη,
457 465 524 496 220

177 512 262 542 mihi
288 510 502 543 Ausculta
530 509 633 552 Tray.
658 509 725 542 329

177 557 378 598 auspicio
406 556 628 598 augurioque
653 557 741 588 Arm.
768 556 809 589 81
839 567 898 588 au-

223 604 334 644 spicio
361 613 398 634 se
424 602 578 634 deuouet
604 603 692 634 Arzrz.
711 604 754 635 82
781 604 898 645 auspi-

222 651 276 681 cio
304 674 310 680 .
330 674 337 680 .
358 649 521 680 stabilita
545 649 633 681 Arm.
661 649 706 682 99

175 697 323 737 spiritus
350 696 493 726 austri
517 696 606 727 Arm.
630 695 697 728 423

175 746 249 774 aut
275 742 362 773 Arm.
387 743 453 773 524
480 743 583 784 quasi
607 743 738 774 ferrum
760 745 822 774 aut
847 742 896 774 la-

220 789 273 829 pis
304 788 405 829 Traga.
429 789 490 820 101
518 799 632 830 pausa
656 788 864 830 pugnandi.
885 813 892 820 .

220 838 282 866 aut
320 835 398 865 duri
434 834 513 865 finis
543 835 678 866 laboris
708 835 797 869 Arzrz.
830 835 896 867 349

220 892 299 912 cum
317 891 425 922 capra
451 884 513 912 aut
536 892 630 923 nepa
655 885 716 913 aut
740 882 898 913 exoritur

218 928 336 959 lumen
369 927 515 968 aliquod
539 928 667 960 beluae
698 927 800 969 Tr‘ay.
830 929 896 960 276

219 975 281 1015 qui
314 978 498 1015 parentem
531 978 593 1005 aut
624 975 801 1016 hospitem
828 975 896 1006 Ne-

220 1024 339 1052 casset
361 1020 463 1062 Tray.
481 1020 548 1052 239
566 1025 669 1062 pater
687 1025 749 1052 aut
767 1031 896 1063 cogna-

218 1071 275 1098 tus
307 1067 409 1106 Traq.
438 1066 504 1098 443
535 1068 620 1109 quid
652 1072 772 1109 petam
797 1078 896 1108 prae-

219 1113 287 1144 sidi
307 1117 369 1144 aut
396 1124 551 1154 exequar
582 1114 683 1155 Tray.
713 1114 777 1146 112
804 1114 893 1145 leuis

220 1164 281 1191 aut.
303 1160 416 1191 malus
442 1160 528 1191 Arm.
552 1160 616 1191 249
640 1160 719 1201 plus
746 1164 807 1191 aut
832 1161 894 1191 mi-

217 1217 283 1237 nus
308 1206 396 1237 Arm.
425 1205 491 1238 493
524 1207 609 1247 quid
634 1207 752 1247 potius
778 1207 895 1238 (licam

218 1256 280 1284 aut
306 1253 451 1284 uerius?
482 1252 583 1294 Tray.
603 1254 644 1284 47
673 1252 757 1294 quid
783 1257 818 1284 te
843 1254 895 1284 ita

217 1303 347 1330 contuo
377 1323 384 1330 .
411 1323 417 1330 .
445 1299 581 1330 Miser?
608 1303 670 1330 aut
695 1300 755 1341 qui
780 1303 816 1331 te
843 1300 894 1331 sic

216 1350 420 1377 traetauere
451 1344 555 1387 Troy.
590 1345 634 1377 96
661 1350 722 1377 aut
752 1370 759 1377 .
790 1370 797 1377 .
833 1349 894 1377 aut

218 1392 306 1423 Arm.
334 1391 398 1424 391
428 1391 532 1433 Tray.
558 1391 652 1424 113*
678 1396 739 1423 aut
760 1393 893 1424 inertes

218 1442 280 1469 aut
298 1438 415 1469 insani
435 1442 497 1469 aut
518 1438 645 1479 quibus
669 1441 812 1481 egestas
832 1440 893 1470 im-

216 1488 318 1525 perat
347 1484 450 1526 Tray.
477 1483 544 1516 357

173 1541 256 1562 eece
284 1534 427 1562 autem
462 1531 565 1572 Troy.
600 1530 666 1563 209
705 1531 783 1571 quis
820 1533 893 1562 tete

217 1582 337 1608 autem
363 1578 502 1608 malitia
532 1577 633 1618 Tray.
661 1576 727 1609 263

170 1628 406 1655 autumnus
432 1623 520 1655 Arm.
547 1624 613 1656 406

171 1681 254 1702 (tuus
295 1671 366 1702 aui
404 1670 515 1701 Aeaci
550 1674 585 1701 et

220 1716 320 1758 Trczy.
349 1716 444 1749 366*

629 1669 756 1711 proaui
794 1668 893 1700 Iouis

170 1763 386 1794 auxilium
410 1763 510 1804 Troy.
533 1763 575 1794 14
600 1762 644 1794 50
666 1761 813 1792 Achiuis
835 1771 895 1792 au-

215 1809 284 1887 11111Ῑὲ
295 1810 372 1841 fuat
394 1809 496 1850 Tray.
516 1808 613 1841 203*
633 1807 766 1840 auxilio
789 1807 891 1848 Tragy.

167 1993 375 2025 bacarum
401 1991 503 2032 Troy.
535 1990 600 2022 194

167 2039 388 2071 Bacchico
407 2037 547 2069 exultas
572 2036 676 2067 modo
703 2034 804 2076 Tray.
827 2035 891 2066 152

166 2085 365 2117 Bacchus
390 2087 493 2126 pater
523 2082 625 2124 Tray.
656 2081 720 2113 148

167 2132 396 2164 balantum
426 2129 582 2172 pecudes
608 2128 699 2161 Αιιη.
722 2126 786 2159 192
812 2127 891 2159 hos-

212 2179 273 2209 tiis
298 2177 507 2210 balantibus
534 2175 638 2216 Tragy.
667 2174 708 2206 61

167 2235 233 2266 ope
258 2224 498 2256 barbarica
527 2221 628 2263 Tr‘ay.
660 2221 725 2253 120

166 2271 325 2303 beatus
353 2271 442 2304 Arm.
472 2269 538 2300 250

167 2316 443 2359 [bellicosus
474 2315 575 2356 Troy.
607 2311 713 2354 180*]

164 2364 419 2404 bellicrepa
443 2362 532 2393 Arm.
563 2360 628 2392 105

164 2410 497 2453 belligerantes
525 2407 614 2440 Arzrz.
639 2405 704 2437 201

163 2457 496 2498 bellipotentes
524 2455 607 2484 sunt
635 2450 750 2492 magis
784 2459 889 2491 quam

210 2503 532 2545 sapientipotentes
560 2499 649 2531 Arm.
684 2496 749 2529 188

163 2549 280 2581 bellum
321 2559 401 2580 oras
436 2546 603 2579 euoluere
643 2543 753 2575 belli
795 2542 885 2573 Arm.

213 2596 276 2628 178
306 2595 392 2627 belli
425 2594 571 2625 fortuna
603 2591 691 2621 Arm.
720 2589 787 2621 205
812 2588 887 2620 1101-

210 2652 296 2673 nera
320 2640 405 2673 belli
423 2639 512 2670 Arm.
533 2636 600 2670 213
625 2636 710 2668 belli
731 2636 886 2666 ferratos

208 2692 330 2728 postes
357 2686 444 2719 Arzrz.
467 2686 531 2717 271
550 2683 679 2714 robore
695 2681 780 2713 belli
797 2681 885 2711 Anrz.

209 2733 274 2765 375
311 2733 467 2773 bellique
511 2730 648 2771 peritus
688 2728 778 2759 Arm.
820 2726 887 2758 400

209 2779 340 2810 bellum
358 2778 481 2819 aequis
500 2775 666 2807 manibus
685 2798 693 2805 .
715 2796 722 2806 .
745 2773 887 2805 diremit

740 181 870 205 aurum
899 191 954 196 —-
984 172 1121 206 buxum

993 279 1081 311 Arm.
1106 281 1171 312 172
1188 290 1259 311 11011
1277 284 1522 322 cauponantes
1540 281 1672 315 bellum

994 326 1057 357 sed
1077 326 1332 368 belligerantes
1349 327 1437 359 Arm.
1457 329 1521 361 201
1542 329 1672 361 indixit

994 395 1002 404 .
1026 396 1033 403 .
1053 372 1185 404 bellum
1212 373 1301 404 Arm.
1329 374 1396 406 230
1428 375 1561 406 501111111
1585 375 1672 407 tole-

994 429 1073 450 rare
1093 420 1177 450 Arm.
1199 418 1266 451 337
1285 419 1417 451 bellum
1437 421 1569 453 faciam
1581 422 1668 454 Arm.

994 464 1062 496 374
1091 465 1223 496 bellum
1255 470 1418 507 gerentes
1462 467 1565 510 Tray.
1607 468 1672 501 104

993 511 1029 542 in
1054 512 1278 543 mortiferum
1305 512 1437 544 bellum
1466 513 1570 556 Tray.
1604 513 1671 547 363

992 558 1028 588 in
1053 557 1146 589 bello
1174 558 1261 589 Arm.
1290 558 1355 590 297
1382 559 1448 591 333
1479 560 1582 602 Traq.
1605 560 1671 593 379

991 603 1140 645 indigno
1154 604 1247 636 bello
1264 605 1422 637 confecit
1437 607 1566 638 acerbo
1583 606 1669 638 Arm.

991 650 1056 682 387
1084 654 1231 681 uetusta
1257 674 1264 682 .
1290 674 1297 682 .
1325 651 1420 684 bella
1439 653 1529 687 Arm.
1557 652 1625 685 394

943 695 1062 728 lumen
1089 697 1233 737 aliquod
1257 697 1416 730 beluae
1446 698 1548 742 Tray.
1577 698 1670 732 276*

989 742 1184 784 beluasque
1207 743 1323 784 Epich.
1354 744 1395 775 12

943 788 1054 820 50110
1083 790 1222 820 firmum
1251 790 1340 824 Anrz,
1369 790 1413 823 33
1444 791 1596 823 feliciter
1625 801 1668 822 ac

991 835 1080 866 bene
1113 835 1201 869 Ann.
1231 836 1295 867 112
1325 836 1415 868 bene
1445 847 1553 878 saepe
1577 837 1666 871 Anu.

991 880 1057 912 239
1080 882 1172 913 50110
1193 884 1409 924 tempestate
1431 893 1559 915 serena
1577 883 1666 917 Arm.

990 928 1056 959 517
1082 938 1137 959 res
1164 928 1254 959 bene
1279 933 1384 970 gesta
1409 932 1464 961 est
1483 930 1572 962 Amr.
1601 930 1669 962 512

989 973 1080 1004 50110
1097 973 1259 1005 uolentes
1285 974 1388 1017 Tray.
1409 975 1453 1008 29
1477 986 1550 1008 rem
1577 975 1669 1008 bene

990 1029 1133 1060 gessere
1160 1020 1262 1061 Tr‘ay.
1289 1020 1355 1054 295
1381 1021 1471 1053 50110
1487 1023 1590 1054 bonis
1617 1023 1664 1053 sit

991 1065 1096 1107 Tray.
1130 1065 1197 1099 355
1230 1068 1322 1099 50110
1365 1078 1488 1100 mones
1527 1069 1611 1101 Com.
1646 1067 1666 1100 3

988 1112 1080 1143 bene
1113 1137 1120 1145 .
1149 1136 1157 1144 .
1189 1113 1266 1144 uolt
1295 1113 1370 1145 Sat.
1401 1113 1421 1145 9
1450 1115 1541 1146 50110
1567 1115 1668 1146 facta

991 1158 1097 1199 Tragr.
1125 1158 1193 1190 429

942 1205 1131 1245 animoque
1156 1205 1358 1246 benigno
1383 1205 1472 1238 Arm.
1495 1207 1563 1241 460

942 1251 1151 1292 turpissima
1177 1251 1328 1282 bestia
1353 1251 1429 1283 Sat.
1456 1254 1497 1285 45

942 1297 1243 1338 signitenentibus
1264 1321 1291 1329 ..
1311 1298 1430 1339 bigis
1461 1299 1562 1340 Tray.
1595 1298 1661 1331 132

942 1343 1165 1385 bilingues
1192 1344 1378 1375 Bruttates
1404 1346 1493 1380 Arm.
1522 1345 1589 1378 488

941 1389 1258 1430 bipatentibus
1285 1391 1372 1421 Arm.
1400 1392 1443 1424 62

942 1435 1009 1466 bis
1036 1446 1099 1467 sex
1123 1435 1211 1466 Arm.
1237 1435 1303 1468 328

941 1481 1339 1523 blandiloquentia
1369 1481 1471 1524 Tray.
1500 1481 1565 1515 305

942 1528 1084 1559 blandus
1101 1528 1204 1559 blan
1216 1529 1267 1559 da
1281 1528 1554 1560 uoceuocabam
1574 1528 1662 1559 Arm.

989 1575 1030 1607 51
1057 1585 1172 1616 neque
1202 1575 1286 1606 irati
1309 1585 1425 1617 neque
1458 1574 1581 1607 blandi
1608 1598 1616 1606 .
1654 1597 1662 1605 .

989 1625 1121 1652 sonunt
1148 1620 1254 1663 Tray.
1285 1621 1348 1654 106

942 1667 1123 1698 bombus
1148 1667 1277 1708 pedum
1302 1669 1366 1701 ine.
1398 1666 1473 1700 libr.
1501 1665 1592 1697 LIX

942 1714 1081 1745 bonus
1107 1714 1227 1745 Ancus
1254 1714 1342 1745 Arm.
1371 1713 1436 1746 150
1460 1715 1580 1744 orator
1603 1712 1664 1744 bo-

989 1770 1055 1790 nus
1080 1760 1167 1790 Arm.
1195 1759 1262 1792 273
1287 1760 1402 1791 bonus
1429 1762 1464 1790 et
1490 1758 1580 1790 liber
1603 1769 1664 1800 po-

987 1806 1093 1847 pulus
1113 1806 1201 1837 Αηη.
1218 1806 1285 1839 606
1298 1815 1522 1847 magnusque
1535 1805 1665 1836 bonus-

988 1863 1055 1893 que
1072 1853 1162 1883 Hed.
1181 1851 1201 1884 9
1226 1853 1321 1884 bona
1338 1852 1472 1883 femina
1492 1852 1580 1883 Arm.
1599 1851 1665 1884 156

986 1909 1049 1939 pro
1066 1898 1161 1929 mala
1179 1899 1256 1929 uita
1271 1899 1403 1930 famam
1417 1897 1579 1938 extolles,
1598 1907 1663 1939 pro

986 1944 1081 1975 bona
1113 1948 1254 1985 partam
1288 1945 1440 1986 gloriam
1479 1943 1584 1986 Tray.
1619 1944 1663 1975 28

985 1990 1168 2021 hortatore
1204 1991 1297 2021 bono
1337 1991 1425 2023 Arm.
1466 1991 1530 2022 471
1568 1990 1664 2022 bona

986 2036 1083 2067 dicta
1111 2036 1215 2077 Tray.
1237 2036 1305 2068 438
1330 2037 1426 2068 bona
1454 2035 1551 2068 dictu
1571 2036 1660 2070 Ann.

986 2084 1052 2115 245
1073 2083 1159 2113 boni
1177 2083 1264 2113 Arm.
1285 2083 1353 2115 426
1377 2082 1469 2114 50110
1492 2082 1596 2114 bonis
1616 2083 1663 2113 sit

988 2128 1089 2170 Tray.
1126 2127 1193 2161 355
1223 2129 1326 2160 bonis
1354 2153 1362 2160 .
1391 2153 1399 2160 .
1426 2129 1521 2160 obsit
1558 2128 1660 2170 Tray.

984 2175 1050 2207 405
1077 2175 1224 2206 nimium
1252 2175 1338 2206 boni
1367 2178 1421 2206 est
1457 2174 1560 2216 Tray.
1595 2175 1660 2207 237

984 2221 1180 2263 abligurias
1211 2222 1307 2252 bona
1335 2220 1408 2253 Sat.
1447 2220 1490 2253 29
1519 2222 1563 2261 cf.
1597 2222 1660 2255 inc.

984 2268 1058 2299 libr.
1089 2267 1229 2299 XVIII

938 2314 995 2345 bos
1019 2314 1149 2355 Cyprio
1177 2314 1283 2345 boui
1310 2313 1515 2345 merendam
1539 2312 1621 2345 Sota
1640 2314 1660 2344 2

938 2359 1093 2391 clamore
1119 2360 1334 2391 bouantes
1361 2360 1449 2391 Arm.
1478 2360 1541 2391 571

938 2407 1103 2447 expedito
1121 2406 1330 2438 bracchio
1353 2405 1426 2437 Sat.
1456 2405 1498 2437 27

937 2452 1143 2484 Bromius
1173 2452 1276 2494 Troy.
1308 2452 1372 2484 148

937 2499 1105 2540 Bruges
1137 2498 1239 2540 Tray.
1267 2498 1336 2530 420

934 2545 1100 2586 Brugio
1134 2544 1236 2586 Trczy.
1268 2542 1361 2575 197*

933 2590 1230 2622 Brundusium
1256 2590 1343 2621 Arm.
1369 2588 1436 2620 478
1462 2585 1657 2619 Brundusii

978 2637 1068 2667 Hed.
1098 2638 1119 2667 4

933 2682 1110 2723 bilingues
1136 2683 1373 2713 Bruttates
1398 2679 1484 2709 Anrz.
1513 2678 1580 2710 488

934 2729 1075 2759 nomine
1100 2729 1266 2759 Burrus
1290 2727 1376 2757 Arm.
1410 2723 1501 2756 184*

934 2784 1056 2806 amaro
1082 2777 1229 2815 corpore
1255 2774 1411 2803 buxum
1436 2771 1522 2801 Arm.
1542 2769 1609 2801 268
