1627 2958
520 479 1047 532 PRAEFATIO

164 691 217 744 Q.
255 692 387 733 Ennii
420 692 584 748 poesim
620 706 698 747 per
732 690 961 732 multorum
995 691 1128 733 libros
1169 691 1407 746 dispersam
1448 689 1519 745 qui

50 771 95 811 in
133 785 265 812 unum
298 770 515 826 conligere
555 777 596 812 et
633 770 856 812 emendate
890 771 1071 826 scriptas
1109 769 1343 826 particulas
1379 770 1423 809 in
1459 768 1521 808 in-

51 850 251 903 tegrioris
282 850 470 906 aliquam
488 851 680 905 corporis
699 850 886 905 speciem
911 854 1154 890 restaurare
1175 848 1303 890 hodie
1327 862 1522 903 suscepe-

53 929 125 981 rit,
157 928 193 968 is
223 942 376 970 uereor
397 935 443 970 ut
462 931 659 986 cuiquam
679 935 751 970 aut
772 942 1139 985 superuacaneum
1160 926 1351 969 laborem
1380 925 1523 967 subire

52 1013 126 1049 aut
161 1007 505 1062 intempestiuam
546 1008 759 1048 insumere
797 1022 969 1064 operam
1007 1007 1220 1048 uideatur.
1281 1005 1389 1047 Nam
1428 1021 1523 1047 cum

52 1093 199 1129 nostra
223 1086 393 1127 demum
424 1092 541 1128 aetas
572 1088 698 1128 etiam
720 1086 1036 1139 remotissimis,
1069 1100 1177 1142 quae
1208 1085 1281 1127 diu
1302 1086 1524 1141 neglectae

52 1167 270 1220 iacebant,
302 1165 539 1209 litterarum
567 1167 856 1208 Romanarum
887 1165 1081 1223 partibus
1113 1171 1357 1221 exoptatam
1386 1165 1524 1207 lucem

53 1246 264 1299 attulerit,
309 1250 398 1286 tum
439 1246 709 1301 superiorum
747 1246 878 1287 Ennii
923 1246 1158 1287 editionum
1202 1246 1280 1286 uix
1321 1244 1409 1285 ulla
1449 1250 1525 1297 cst,

54 1340 163 1382 quae
195 1323 409 1366 desiderio
430 1324 575 1380 paullo
607 1325 813 1366 seueriori
846 1325 949 1366 satis
969 1325 1113 1366 facere
1142 1324 1291 1381 possit.
1351 1323 1524 1364 Etenim

54 1396 249 1460 nequid
284 1403 473 1459 iniquius
514 1403 567 1444 de
604 1403 993 1460 Stephanorum
1030 1419 1132 1445 cura
1169 1403 1377 1456 iudicem,
1420 1416 1526 1459 quos

56 1482 339 1540 conquirendi
386 1482 609 1524 Ennianas
663 1483 867 1539 reliquias
919 1483 1089 1524 initium
1138 1483 1295 1523 fecisse
1347 1485 1527 1534 constat,

55 1563 125 1604 uel
156 1563 249 1618 ipsa
282 1561 569 1604 Columnae
600 1561 830 1603 laudabilis
863 1562 1076 1603 industria
1105 1563 1283 1603 multum
1313 1561 1441 1614 afuit,
1482 1566 1530 1602 ut

57 1641 220 1693 omnia,
263 1655 372 1697 quae
413 1640 457 1680 in
487 1640 567 1681 hoc
597 1654 755 1695 genere
783 1642 995 1696 praestari
1034 1641 1238 1693 debeant,
1280 1640 1527 1681 confecerit.

56 1720 111 1761 Ni
143 1720 297 1760 mirum
327 1719 605 1775 interpretem
633 1727 719 1761 tam
747 1734 888 1761 rerum
917 1735 1044 1776 quam
1073 1719 1272 1760 dictionis
1303 1719 1529 1760 Ennianae

56 1813 133 1854 pro
163 1798 237 1839 illa
267 1798 440 1855 quidem
471 1805 611 1840 aetate
643 1799 817 1853 egregie
847 1813 892 1840 se
923 1799 1078 1853 gessit,
1119 1799 1312 1840 criticam
1344 1814 1530 1855 operam,

58 1892 143 1934 qua
171 1878 357 1919 maxime
387 1877 643 1933 indigebant
672 1877 716 1918 hi
746 1892 919 1931 uersus,
960 1892 1112 1933 parum
1146 1878 1310 1919 intente
1341 1879 1530 1932 nauauit,

58 1971 138 1998 nec
173 1956 266 1998 fere
313 1957 456 2012 attigit
499 1956 756 2012 disponendi
794 1970 844 1996 ac
881 1956 1114 2012 probabili,
1165 1972 1248 2014 quo
1290 1958 1391 1999 olim
1429 1957 1532 1999 fuis-

59 2041 154 2078 sent
181 2036 352 2089 ordine,
394 2036 646 2077 conectendi
678 2036 921 2091 fragmenta
951 2035 1154 2076 officium.
1216 2036 1366 2094 Neque
1397 2038 1432 2078 is
1460 2038 1530 2093 qui

59 2115 292 2171 repetendo
336 2114 570 2157 Columna-e
619 2115 730 2157 libro
778 2114 965 2171 praefuit
1012 2114 1324 2169 Hesselius,
1374 2131 1534 2157 nouare

63 2195 289 2250 quicquam
320 2194 364 2234 in
393 2195 580 2235 auctoris
612 2209 740 2251 opere
770 2194 975 2247 instituit3
1008 2194 1349 2250 supplementum
1369 2200 1534 2236 tantum

60 2273 159 2315 huic
187 2287 325 2313 nouae
363 2272 541 2313 editioni
569 2273 713 2315 uarias
744 2272 1007 2314 eruditorum
1046 2274 1090 2314 in
1121 2274 1311 2315 Ennium
1341 2280 1463 2315 notas
1495 2280 1536 2314 et

64 2352 369 2407 castigationes
401 2351 596 2392 subiecit.

174 2431 352 2472 Praeter
388 2430 483 2471 illos
523 2436 664 2471 autem
694 2445 841 2482 nemo,
882 2444 991 2486 quae
1027 2430 1080 2471 de
1110 2431 1241 2471 Ennii
1273 2431 1534 2473 carminibus

63 2525 190 2567 super
219 2515 339 2563 sunt,
375 2510 518 2552 omnia
548 2508 892 2566 comprehendit:
934 2509 1009 2550 scd
1035 2510 1190 2564 tragici
1222 2510 1415 2566 epiciquc
1444 2515 1536 2551 tan-

63 2596 153 2631 tum
183 2589 355 2645 generis
385 2588 643 2646 particulae,
685 2588 729 2629 in
758 2587 863 2629 duos
897 2589 1018 2644 quasi
1049 2603 1281 2644 granorum
1311 2589 1534 2631 aceruulos

64 2668 302 2721 conlectae,
354 2668 648 2710 tractabantur
692 2667 883 2708 seorsim.
958 2669 1023 2709 Ac
1068 2668 1317 2723 tragoediae
1364 2668 1534 2724 quidem

65 2746 279 2804 reliquiis,
316 2747 361 2789 in
398 2748 660 2804 tragicorum
689 2745 941 2788 Latinorum
973 2761 1150 2804 corpore
1188 2748 1392 2804 receptis,
1434 2747 1535 2790 olim
