1762 3057
671 203 973 239 ENNIANAE
1406 216 1566 246 LXXXV

90 312 187 348 sisse
217 310 399 348 Lucilium
430 310 587 348 Seruius
623 316 784 348 testatur
817 313 850 348 in
892 312 988 350 Aen.
1024 313 1075 352 XI
1103 314 1174 353 601
1214 323 1284 354 tum
1315 321 1386 355 late
1411 321 1564 367 ferreus

88 384 201 419 hastis
244 382 385 417 Horret
414 391 447 416 e.
482 392 518 430 q.
551 381 599 430 s.]
649 384 818 420 horret
863 391 981 421 aulem
1030 388 1199 423 terribilis
1241 394 1308 424 est:
1359 395 1412 426 esc
1444 397 1562 427 (cutem

87 463 218 488 uersus
248 452 443 487 Ennianus
482 454 710 498 uituperatus
751 467 772 489 a
803 455 938 491 Lucilio
978 458 1116 494 dieenle
1140 469 1214 504 per
1254 460 1463 496 inrisionem
1500 463 1560 497 ‹le-

87 523 203 557 buisse
225 532 304 556 eum
329 522 450 557 dicere
469 523 636 558 horr-el
657 529 701 559 el
730 526 804 571 aly
818 536 836 559 e
846 530 869 559 t.
921 526 954 560 V
952 528 1022 561 mle
1042 527 1219 563 Horatius
1247 529 1290 563 (Ie
1305 528 1440 565 Lucilio
1459 528 1559 578 (Sat.

87 589 102 626 Ι
134 589 206 637 10,
240 589 313 639 54)
361 593 455 627 ‘mm
498 594 591 628 ridet
637 604 766 629 uersas
801 596 902 630 Enni
938 600 1119 642 yram'lale
1156 600 1352 634 minores)
1411 596 1562 636 Etenim

87 658 184 696 113θο
211 660 336 696 Seruii
378 660 408 696 si
437 672 519 697 cum
553 660 618 698 illo
646 660 830 699 Macrobii
871 662 958 700 loeo
990 665 1223 714 contuleris,
1262 678 1336 703 non
1370 667 1560 706 dubitabis

88 730 246 779 opinor⁷
284 730 371 780 quin
405 730 561 768 Seruius
602 732 710 768 istum
743 744 854 781 quem
893 732 968 769 (lixi
1013 732 1121 771 Ennii
1160 747 1311 773 uersum
1354 737 1557 785 significet.

85 798 134 835 Vt
163 798 253 836 nihil
283 806 396 849 agant
427 801 597 838 editores
630 803 692 852 qui
723 801 830 839 abusi
862 803 986 839 Seruii
1027 804 1243 841 testimonio
1276 806 1383 843 nimis
1422 806 1560 845 libera-

86 868 173 906 liter
204 867 326 907 Ennio
362 870 462 908 illum
492 870 679 921 Vergilii:
724 875 862 909 Horret
898 886 986 921 09ον
1018 878 1208 922 campique
1252 880 1366 913 armis
1403 879 1556 913 sublimi*

85 942 149 976 bus
177 943 309 978 ardent
338 940 543 982 ascribant.
593 941 665 988 Qui
705 954 787 979 011111
826 943 999 991 indignus
1040 955 1130 980 sane
1163 943 1344 982 inrisione
1376 946 1443 991 sit,
1485 951 1561 982 tum

85 1009 250 1047 Lucilius
293 1010 349 1048 his
382 1023 479 1061 quae
525 1012 615 1049 dicit
644 1015 770 1050 horret
799 1020 831 1049 el
873 1016 967 1061 alqel
998 1013 1199 1050 manifesto
1242 1014 1288 1051 ad
1325 1014 1434 1052 Ennii
1474 1014 1556 1052 illa:

84 1084 249 1129 splendet
284 1088 318 1118 et
353 1084 480 1119 horret
516 1082 670 1120 adludit.
733 1081 841 1120 Vnde
880 1083 909 1119 si
951 1083 1036 1131 quid
1071 1089 1129 1120 est
1162 1084 1196 1119 in
1229 1095 1276 1120 eo
1313 1095 1427 1120 uersu
1457 1085 1559 1134 quod

85 1151 329 1200 emendetur,
376 1151 472 1189 haec
509 1158 704 1202 postrema
746 1152 905 1202 adparet
939 1153 1077 1190 nullam
1119 1155 1270 1191 omnino
1316 1154 1559 1192 mutationem

86 1222 201 1259 ferre.
264 1221 302 1260 Id
351 1222 453 1272 quod
494 1234 567 1259 non
614 1223 705 1259 satis
750 1222 894 1259 curauit
940 1221 1109 1259 Ritterus
1156 1223 1191 1259 in
1232 1222 1392 1273 Ephem.
1442 1226 1557 1276 antiq.

84 1291 248 1329 Darmst.
295 1304 327 1329 a.
374 1291 478 1329 1840
517 1305 553 1342 p.
605 1292 706 1329 5391:
750 1293 813 1342 qui
865 1292 1151 1329 inconsiderate
1193 1291 1466 1330 Neukirchium
1511 1294 1558 1331 de

85 1360 160 1398 fab.
195 1367 274 1410 tog.
317 1374 354 1412 p.
387 1362 440 1400 46
480 1369 636 1400 secutus
677 1374 722 1400 eo
772 1375 884 1412 quem
931 1362 1077 1399 effinxit
1124 1367 1369 1399 tetrametro:
1416 1364 1560 1411 sprirsis

83 1433 198 1467 hastis
227 1435 337 1480 {tingis
373 1445 524 1480 campus
554 1435 718 1481 splendet
745 1435 940 1480 leorrelque
968 1433 1003 1468 e'l
1023 1436 1131 1480 gemit
1161 1442 1271 1468 omne
1305 1431 1437 1469 Lucilii
1467 1432 1558 1470 ludi-

88 1501 208 1538 brium
236 1501 440 1539 abstersit:
486 1515 532 1540 ne
573 1503 661 1552 quid
702 1503 749 1540 de
782 1501 980 1539 Macrobio
1021 1500 1143 1537 dicam
1183 1514 1295 1551 quem
1330 1501 1394 1538 ille
1441 1502 1560 1551 ipsius

86 1577 191 1609 certe
224 1573 498 1610 consuetudine
531 1579 770 1623 repugnante
802 1571 978 1610 consulto
1010 1582 1129 1607 uoces
1158 1583 1251 1620 quas
1282 1571 1364 1620 ipse
1396 1572 1561 1608 restituit

87 1642 262 1679 omisisse
293 1643 480 1692 opinatur.
542 1642 684 1680 Verum
713 1644 743 1680 si
772 1642 855 1691 quis
888 1647 1012 1678 tamen
1043 1639 1151 1676 Ennii
1183 1641 1330 1690 poesim
1361 1641 1455 1678 nolit
1486 1641 1561 1678 1100

86 1712 193 1761 quasi
225 1718 395 1749 monstro
436 1713 646 1750 hexametri
682 1711 932 1750 dedecorari:
974 1721 1018 1747 ea
1057 1708 1175 1746 uerba
1211 1710 1260 1746 ita
1297 1715 1333 1746 ut
1365 1709 1562 1746 traduntur

86 1782 299 1819 Saturnium
323 1782 513 1819 efliciunt:
545 1785 690 1832 sparsis
719 1783 832 1819 lzfislis
856 1781 1190 1829 ltinyum-cdmpus
1216 1781 1382 1828 splendet
1410 1787 1442 1816 ec
1472 1782 1556 1817 ho'r-

85 1859 150 1890 ret.
211 1852 270 1889 Αο
301 1852 389 1889 licet
422 1854 620 1890 Saturnios
650 1853 712 1902 qui
746 1850 897 1902 quidem
937 1851 1033 1887 certi
1066 1851 1138 1887 sint
1174 1851 1208 1886 in
1240 1849 1349 1886 Ennii
1386 1849 1560 1899 reliquiis

86 1934 159 1959 non
191 1922 425 1970 detexerim,
463 1928 587 1960 tamen
619 1922 705 1973 quid
746 1920 910 1971 inpedit,
957 1932 1031 1969 quo
1070 1920 1191 1956 minus
1231 1930 1314 1955 eum
1355 1919 1389 1955 in
1419 1919 1558 1955 saturis

86 1993 246 2030 maxime
279 1992 353 2030 1100
379 2003 533 2043 quoque
564 1997 685 2028 metro
709 1991 939 2041 aliquotiens
962 2002 1068 2027 usum
1091 2001 1181 2026 esse
1204 1986 1436 2026 credamus?
1482 1989 1558 2025 Sed

86 2062 159 2100 1100
190 2068 268 2099 utut
300 2068 376 2110 est,
420 2074 503 2099 011111
536 2060 625 2098 illud
659 2062 799 2098 uicisse
832 2061 991 2107 uidear³
1034 2060 1146 2097 uariis
1177 2058 1398 2108 Scipionem
1430 2058 1560 2094 metris

86 2132 286 2170 deductum
317 2132 457 2170 fuisse:
505 2132 647 2168 corruit
679 2131 779 2181 quod
812 2130 981 2168 Ritterus
1015 2130 1038 2169 1.
1070 2130 1093 2167 1.
1126 2128 1299 2178 cupidius
1341 2129 1559 2178 Scipionem

88 2215 176 2240 esse
209 2203 358 2252 epicum
393 2213 544 2239 carmen
575 2201 757 2238 defendit.
829 2198 898 2237 Cui
935 2200 971 2236 in
1004 2212 1049 2237 ea
1088 2212 1129 2237 re
1160 2198 1306 2248 Hugius
1341 2198 1559 2236 adsentiens

88 2272 142 2309 illi
172 2272 299 2309 uersui
330 2283 441 2321 quem
473 2283 546 2307 non
586 2277 720 2321 posset
749 2282 824 2307 11011
856 2281 925 2320 pro
958 2270 1180 2307 hexametro
1197 2268 1342 2306 habere
1362 2269 1396 2305 in
1418 2268 1558 2305 annali-

88 2342 158 2379 bus
190 2341 319 2378 sedem
348 2341 536 2390 adsignat,
568 2341 604 2377 ni
632 2341 762 2378 mirum
795 2339 1045 2387 Macrobium,
1075 2351 1157 2376 011111
1186 2338 1406 2387 Scipionem
1443 2336 1557 2382 dicat,

88 2423 161 2449 nou
193 2423 239 2448 eo
270 2411 421 2448 nomine
460 2410 675 2459 insignitum
707 2422 881 2456 carmen„
921 2409 989 2446 sed
1030 2414 1175 2458 partem
1215 2407 1400 2444 annalium
1429 2405 1559 2441 dicere

89 2483 265 2532 opinatus
308 2492 390 2518 eam
436 2492 533 2530 quae
571 2479 732 2517 maxime
770 2479 806 2514 in
836 2478 1028 2528 Scipionis
1067 2477 1183 2514 rebus
1220 2481 1409 2513 uersetur.
1481 2474 1558 2511 Sed

90 2552 163 2590 1100
203 2565 285 2590 011111
320 2550 575 2598 ambiguitatis
607 2560 722 2586 causa
754 2559 890 2584 uerear
928 2552 965 2584 ut
998 2547 1196 2596 quisquam
1226 2545 1558 2593 grammaticorum

91 2634 248 2659 ausurus
280 2621 415 2667 fuerit,
455 2626 528 2656 tum
552 2617 738 2656 Macrobii
764 2617 852 2654 loco
884 2621 1092 2667 praeeunte
1121 2615 1204 2664 ipso
1235 2614 1421 2651 annalium
1450 2613 1558 2651 titulo

93 2692 126 2728 in
154 2691 282 2741 primis
311 2689 587 2728 incommodum
619 2689 732 2725 soret.

202 2759 335 2810 Itaque
366 2772 449 2798 011111
479 2761 550 2797 iam
581 2758 629 2796 ob
661 2769 838 2795 uersuum
869 2769 979 2808 quam
997 2755 1167 2806 Scipioni
1195 2754 1464 2793 uindicauimus
1496 2765 1559 2791 ua-
