1762 3057
167 190 247 231 126
671 195 1141 231 TRAGOEDIARVM

182 312 262 351 285
299 306 429 350 Vecti'
457 307 661 365 petebant
695 306 850 363 pellem
879 306 1120 351 inauratam
1152 308 1298 352 arietis

302 374 497 428 Colchis,
538 375 717 432 imperio
746 374 865 433 regis
894 374 1063 428 Peliae,
1105 375 1183 434 per
1213 376 1374 420 dolum.

299 443 402 486 Num
432 443 668 501 m'uuquam
697 456 771 486 era
799 457 950 487 errans
981 443 1077 487 mea
1104 444 1233 489 domo
1263 442 1448 489 ecferret
1484 443 1638 503 pedem

298 510 471 564 Medea,
511 510 654 554 animo
687 524 844 569 aegra,
884 511 1033 556 amore
1062 526 1199 556 saeuo
1232 512 1394 557 saucia.

158 644 330 674 saucias
381 644 495 674 Cicero
526 643 566 673 de
592 643 660 674 iuu.
684 643 697 673 Ι
720 642 775 681 40,
797 643 839 674 ot
876 643 996 675 ‘huius
1020 644 1111 675 modi
1138 651 1187 676 est
1208 645 1266 676 illa
1286 654 1418 685 quoque
1440 644 1635 685 conquestio

160 689 253 730 [280.
277 689 371 730 281].
409 689 560 731 Longius
579 690 668 719 enim
688 690 829 730 repetita
850 695 916 728 est,
943 700 1042 730 quam
1062 701 1114 722 res
1136 691 1352 732 postulabat.’
1393 691 1484 723 Idem
1507 691 1548 722 (16
1569 695 1635 721 nat.

159 737 251 766 deor.
285 736 325 766 ΙΙΙ
353 735 416 773 30,
444 736 487 767 75
517 736 693 766 ‘utinam
722 736 841 777 igitur,
880 741 914 767 ut
948 737 1025 768 illa
1053 747 1154 767 anus
1179 743 1288 779 optat,
1325 747 1373 768 ne
1404 738 1441 768 in
1470 746 1638 768 nemore

179 806 208 812 ..
233 782 399 812 t1·abes.'
438 782 545 812 Varro
569 782 610 812 de
627 781 664 812 L.
685 781 722 812 L.
751 782 809 813 Vll
831 781 875 813 33
898 783 941 813 M.
972 783 1037 813 ‘sic
1066 783 1191 814 dictum
1219 794 1237 814 a
1261 784 1481 824 quibusdam,
1510 789 1544 815 ut
1572 792 1638 813 uua

158 838 274 861 canes.
299 838 365 858 uua
391 828 533 859 trabes
558 828 660 858 remis
688 834 829 859 rostrata
856 838 916 870 per
940 829 1055 859 altum.
1101 830 1245 860 Ennius:
1279 829 1369 871 [280.
1394 829 1503 872 281].’
1548 829 1638 860 Pris-

157 875 273 905 cianus
297 874 357 905 VII
384 884 417 916 p.
437 874 500 906 751
522 875 557 905 P.
592 875 623 916 (Ι
652 884 685 915 p.
706 873 773 905 318
792 873 850 915 K.)
885 876 1124 906 ‘uetustissimi
1148 881 1259 907 tamen
1285 876 1429 908 trabxes
1458 886 1519 919 pro
1548 875 1638 906 trabs

158 920 383 962 proferebant.
424 920 552 951 Ennius
577 920 610 950 in
634 920 769 951 Medea:
805 920 903 962 [280.
929 920 1042 963 281].’
1083 921 1198 953 Cicero
1225 922 1342 964 Topic.
1373 922 1431 961 16,
1459 923 1500 955 61
1533 921 1638 952 ‘illud

158 967 246 998 enim
288 972 338 998 est
377 972 565 1007 tamquam:
613 967 769 997 utinam
805 977 852 998 ne
894 968 933 998 in
971 978 1139 999 nemore
1176 969 1316 999 Pelio.’
1388 967 1638 1011 (securibus

159 1023 287 1044 caesa
316 1013 547 1045 cecidisset
572 1013 620 1043 ad
648 1017 670 1043 t.
700 1013 844 1044 trabes
871 1014 950 1045 add.
976 1014 1041 1045 duo
1068 1013 1175 1045 Oxou.
1198 1024 1281 1045 unus
1303 1014 1406 1057 Sang.
1427 1013 1518 1057 mg.)
1545 1013 1637 1044 ‘Nisi

158 1060 246 1091 enim
273 1059 541 1091 accidissent
573 1059 786 1101 abiegnae
812 1060 860 1091 ad
884 1065 1039 1091 terram
1067 1061 1232 1095 trabes,
1270 1062 1359 1103 Argo
1386 1061 1445 1092 illa
1464 1061 1552 1092 facta
1574 1069 1638 1091 non

158 1111 263 1144 esset,
294 1115 355 1137 nec
376 1111 485 1137 tamen
507 1105 568 1136 fuit
589 1106 622 1136 111
642 1106 683 1136 115
704 1105 854 1137 trabibus
880 1106 1049 1137 efficiendi
1078 1108 1129 1137 1115
1154 1108 1370 1138 necessaria.³
1413 1106 1637 1144 Quintilianus

158 1153 187 1183 V
212 1152 265 1190 10,
286 1151 330 1183 84
356 1154 462 1183 ‘recte
483 1158 593 1183 autem
613 1161 804 1190 monemur,
831 1162 949 1184 causas
968 1162 1033 1183 11011
1052 1154 1166 1193 utiquc¹
1187 1154 1227 1183 ab
1253 1153 1370 1185 ultimo
1391 1164 1465 1185 esse
1485 1158 1638 1195 repeten-

158 1198 236 1237 das,
268 1204 303 1229 ut
331 1198 467 1237 Medea,
502 1198 663 1228 utinam
774 1198 911 1230 Pelio:
948 1199 1044 1239 quasi
1070 1209 1148 1231 ucro
1175 1200 1209 1230 id
1236 1210 1309 1230 eam
1336 1199 1453 1231 fecerit
1479 1196 1637 1231 miseram

158 1251 213 1275 aut
233 1250 425 1277 nocentem.
455 1245 544 1284 quod
563 1244 631 1274 illic
662 1244 871 1275 ceciderit
898 1245 1083 1286 abiegna
1110 1245 1159 1276 ad
1183 1250 1204 1276 t.
1227 1246 1397 1277 11111165.γ
1432 1246 1582 1277 Donatus
1601 1245 1636 1276 in

159 1292 233 1322 Ter.
254 1291 388 1322 Phorm.
411 1291 422 1321 Ι
443 1289 475 1323 3,
496 1291 516 1322 5
542 1295 657 1320 ‘uetus
678 1290 821 1321 elocutio
842 1292 1001 1322 utinam
1028 1302 1085 1323 116.
1124 1292 1250 1323 Ennius
1269 1293 1301 1323 111
1320 1292 1456 1323 Medea:
1476 1293 1636 1323 utinam

181 1362 208 1368 ..
238 1337 406 1368 trabes.'
451 1337 555 1367 Iulius
585 1336 696 1367 Victor
721 1347 749 1367 c.
778 1337 817 1368 12
844 1348 877 1378 p.
901 1337 966 1369 237
993 1337 1047 1368 Or.
1084 1340 1157 1375 ‘ut‚
1188 1339 1222 1369 si
1253 1338 1291 1368 iu
1323 1348 1490 1369 nemore
1516 1337 1636 1369 Pelio

157 1393 237 1414 non
263 1383 532 1414 cecidissent
560 1382 726 1415 trabes.
767 1383 830 1413 hoc
857 1383 966 1415 scelus
994 1383 1116 1414 fuctum
1138 1393 1201 1414 11011
1228 1385 1339 1414 65561.’
1380 1384 1496 1416 Cicero
1518 1384 1558 1415 de
1578 1384 1633 1414 fin.

158 1430 235 1460 bon.
259 1435 290 1461 et
312 1428 390 1459 mal.
414 1430 425 1459 1
452 1429 484 1464 2,
510 1430 529 1460 5
570 1428 664 1468 ‘quis
694 1429 781 1459 cuim
816 1434 882 1460 tam
915 1430 1070 1460 iuimicus
1101 1440 1208 1471 paene
1240 1430 1367 1461 uomiui
1392 1431 1543 1462 Romano
1574 1435 1636 1467 est,

157 1476 212 1516 qui
239 1476 323 1507 Enni
350 1474 501 1506 Medeam
534 1480 589 1505 aut
615 1475 795 1516 Antiopam
822 1475 946 1506 Pacuui
981 1482 1117 1517 spernat
1153 1482 1206 1507 aut
1239 1477 1374 1514 reiciat,
1410 1477 1500 1517 quod
1526 1487 1561 1507 se
1588 1476 1634 1507 is-

159 1522 233 1553 dem
253 1521 426 1562 Euripidis
451 1520 575 1551 fabulis
602 1520 761 1551 delectari
790 1521 904 1552 dicat?
928 1539 971 1545 —
992 1540 1036 1544 —-
1065 1532 1106 1552 au
1134 1523 1294 1553 utinam
1325 1533 1371 1553 ne
1401 1523 1439 1553 in
1469 1532 1637 1553 nemore

157 1568 262 1598 nihilo
283 1568 394 1598 miuus
419 1567 562 1608 legimus
582 1576 681 1606 quam
708 1566 772 1597 hoc
799 1567 889 1599 idem
909 1568 1113 1599 (h'accum'l’
1150 1568 1346 1609 (nemore
1376 1568 1493 1599 Pelio
1518 1565 1637 1607 Leid.)

156 1615 379 1654 Hieronymus
407 1613 587 1643 Marcellae
615 1612 738 1644 uiduae
765 1614 916 1654 epitaph.
951 1624 985 1655 p.
1015 1612 1105 1645 1090
1132 1612 1236 1655 Mign.
1272 1614 1413 1653 ‘quibus
1449 1614 1636 1645 rectissime

158 1660 242 1691 illud
269 1660 457 1691 Ennianum
485 1659 594 1700 aptari
622 1664 749 1699 potest:
795 1660 952 1691 utinam
977 1670 1026 1691 ne
1055 1660 1094 1690 111
1120 1669 1292 1691 nemore
1320 1660 1463 1691 Pelio)
1520 1660 1636 1692 Cicero

157 1707 256 1737 Tusc.
283 1706 370 1746 disp.
396 1706 406 1735 I
427 1705 471 1736 20
488 1706 532 1736 45
559 1704 701 1735 ‘etenim
727 1705 756 1735 si
781 1715 866 1736 nuuc
894 1706 1023 1746 aliquid
1049 1706 1183 1745 assequi
1211 1716 1246 1737 se
1266 1711 1401 1747 putant,
1430 1707 1486 1746 qui
1514 1706 1635 1737 ostium

156 1753 251 1783 Ponti
276 1751 421 1782 nith-rint
451 1756 479 1781 61
506 1761 562 1781 eas
589 1752 780 1792 angustias,
805 1762 865 1793 per
893 1763 975 1793 quas
1004 1752 1192 1794 penetrauit
1220 1762 1258 1783 ea
1283 1762 1368 1792 quae
1393 1757 1443 1784 651
1466 1753 1636 1783 nominata

154 1887 299 1931 (dilecti
331 1886 423 1922 Gzccl.
454 1886 563 1932 Rey.)
599 1887 667 1920 uiri
697 1886 803 1920 Vecti
833 1887 1006 1931 petebant
1039 1887 1174 1931 pellem
1204 1887 1276 1921 Cic.
1310 1885 1432 1927 Tusa,
1467 1885 1636 1921 Halmius

155 1944 264 1978 Amal.
289 1942 381 1978 Tull.
402 1942 499 1980 116.
525 1953 615 1987 argo
638 1943 751 1987 (argu
781 1941 970 1985 cherzb.)
995 1952 1067 1987 qua
1099 1942 1178 1986 (qui
1214 1941 1383 1977 W⁷uerzb.
1408 1942 1493 1987 quia
1514 1942 1635 1983 Fris.)

155 1999 272 2045 111-31111
301 2000 336 2033 111
358 1998 490 2032 eadem
514 1998 595 2032 lecti
621 1998 688 2032 uiri
712 1998 806 2031 116611
834 1999 1007 2042 petebant
1028 1998 1162 2042 pellem
1193 1997 1360 2032 PVnerzb.
1382 1997 1480 2032 Fris.
1514 2001 1548 2032 el
1566 1999 1637 2032 nisi

155 2055 251 2100 quod
272 2054 401 2099 Argiui
508 2054 600 2088 necti
623 2055 658 2087 in
680 2063 758 2087 rus.
780 2052 873 2088 Par.
904 2054 949 2088 A.
981 2063 1052 2098 qua
1081 2053 1200 2098 argiui
1234 2053 1323 2096 (uiri
1355 2053 1442 2088 add.
1470 2064 1519 2087 m.
1550 2054 1633 2095 all.)

155 2111 236 2145 lecti
262 2111 432 2155 petebant
454 2111 586 2154 pellem
612 2109 789 2143 Bamlna.
824 2109 870 2143 A.
901 2120 972 2154 qua
1002 2110 1119 2154 argiui
1152 2108 1273 2143 dilecti
1306 2109 1370 2143 uiri
1402 2110 1496 2144 uecti
1527 2113 1631 2155 pete-

155 2168 241 2202 bant
268 2167 401 2211 pellem
425 2165 556 2202 Bamb,
578 2164 610 2198 Ι).
640 2165 685 2199 Α.
711 2165 797 2210 quia
821 2165 939 2210 argiui
963 2165 1000 2199 iu
1033 2165 1163 2199 eadem
1186 2165 1247 2200 lati
1270 2166 1338 2200 uiri
1361 2166 1536 2211 petebant
1557 2167 1635 2211 pet-

156 2224 225 2258 lem
251 2222 339 2257 Tur.
363 2222 408 2255 A.
431 2222 491 2266 qui
515 2221 631 2266 urgiui
652 2221 687 2254 in
708 2232 752 2255 ea
773 2220 904 2256 delecti
929 2221 996 2255 uiri
1015 2222 1190 2267 petebant
1208 2222 1342 2267 pellem
1363 2221 1453 2268 Erf.
1477 2221 1522 2256 A.
1546 2222 1633 2267 quia

156 2279 274 2325 argiui
309 2278 391 2312 lecti
422 2278 489 2312 uiri
521 2278 692 2322 potebant
719 2278 852 2322 pellem
890 2278 944 2319 (in
969 2288 1038 2323 my.
1062 2278 1146 2312 add.
1173 2278 1290 2316 illam)
1320 2276 1434 2323 Opilz.
1463 2278 1515 2312 acl
1537 2277 1630 2313 Her.

156 2335 198 2369 A.
228 2345 299 2380 qua
320 2334 413 2368 116611
437 2334 565 2376 Argiui
592 2333 721 2367 (1616611
748 2334 814 2368 uiri
838 2334 1012 2368 Petebant
1037 2334 1135 2368 illam
1162 2335 1293 2378 pellem
1315 2333 1436 2368 Prisc.
1458 2333 1502 2368 cle
1525 2337 1630 2368 metr.

161 2391 262 2433 Tela,
296 2391 390 2435 παῖς.
419 2390 469 2423 ad
486 2390 576 2424 Her.
692 2392 760 2427 286
791 2390 889 2424 Pelei
913 2389 943 2424 Τ
943 2399 1035 2425 ross.
1067 2390 1181 2435 pelirc
1219 2389 1388 2425 PVuerzb.
1413 2389 1464 2424 ad
1480 2389 1574 2424 Her.

210 2448 276 2483 287
310 2458 373 2480 era
405 2445 487 2479 cdd.
520 2446 604 2491 aliq.
635 2445 678 2479 cle
704 2446 796 2491 fato.
828 2445 917 2480 hera
946 2447 1071 2491 ῑιιιῖῃο,
1109 2456 1177 2480 om.
1219 2444 1388 2481 Wuerzb.
1412 2445 1463 2479 ad
1480 2445 1572 2480 Her.

212 2503 320 2536 domo
338 2512 405 2537 om.
432 2501 602 2536 U‘ecerzb.
621 2501 671 2535 ml
684 2501 777 2536 Her.
894 2502 962 2536 hec
982 2503 1091 2536 ferret
1108 2502 1190 2536 cdd.
1207 2502 1292 2547 aliq.
1309 2501 1352 2536 cle
1366 2499 1458 2546 faio.
1480 2500 1630 2535 efferret

152 2559 258 2603 ¹nul-(jo
374 2567 560 2602 uunquam
601 2557 691 2592 hera
730 2568 858 2592 errans
892 2568 975 2591 mea
1003 2558 1136 2592 medea
1175 2557 1324 2592 efferret
1355 2557 1488 2600 pellem
1521 2556 1630 2591 domo

156 2614 283 2648 Bamb.
306 2614 338 2647 b.
362 2623 549 2657 uunquam
573 2624 635 2648 era
658 2623 787 2648 errans
810 2624 892 2647 mea
913 2617 1033 2658 t‘sup.
1055 2615 1148 2652 ῖῖηῧ)
1172 2613 1305 2647 medea
1325 2611 1473 2647 efferret
1494 2612 1628 2657 pedem

153 2669 263 2703 domo
289 2669 404 2714 Opilz.
432 2679 617 2714 uunquam
648 2679 776 2703 errans
802 2668 935 2703 medea
970 2668 1120 2704 efferret
1149 2669 1284 2713 pedem
1308 2667 1405 2702 Fris.
1440 2678 1626 2713 nunquam

153 2736 234 2758 mea
258 2736 389 2759 errans
413 2724 543 2759 medea
568 2724 717 2758 efferret
735 2724 868 2769 pedem
892 2724 1002 2758 domo
1029 2724 1115 2761 Tur.
1136 2725 1188 2758 ad
1205 2724 1297 2758 Her.
1416 2726 1484 2760 288
1514 2734 1627 2770 aegro

152 2780 235 2813 libri
261 2781 304 2814 cle
330 2780 428 2825 sato,
469 2780 548 2814 eod.
570 2778 693 2824 Steph.
721 2791 793 2825 pro
815 2779 910 2816 Cael.
1033 2780 1064 2814 T
1062 2784 1154 2814 olum
1181 2789 1327 2814 uersum
1349 2790 1419 2813 om.
1456 2778 1626 2816 Wuerzb.
