1762 3057
640 180 644 183 .
678 138 997 183 RELIQVIAE
1498 136 1576 178 167

238 251 350 305 Quid
379 251 573 305 turdum,
608 250 838 306 merulam,
867 251 1136 295 melanurum
1166 252 1448 312 umbramque
1479 267 1577 297 ma-

977 319 1113 363 rinam

237 386 444 430 Praeterii
485 389 615 447 atque
654 402 848 442 scarum,
894 388 1119 432 cerebrum
1161 387 1276 432 Iouis
1316 402 1455 446 paene
1493 403 1575 432 su—

975 456 1144 514 premi?

236 521 432 565 Nestoris
458 522 510 566 ad
536 522 717 580 patriam
744 522 811 566 hic
836 522 1004 580 capitur
1029 538 1304 583 magnusque
1331 524 1573 583 bonusque.

150 596 198 633 10
236 589 433 648 Polypus
463 589 705 648 Corcyrae,
745 590 936 634 caluaria
961 592 1142 651 pinguia
1171 607 1367 646 acarnae,

235 658 456 715 Purpura,
497 658 713 712 muriculi,
754 673 929 713 murex,
969 660 1119 704 dulces
1150 675 1325 720 quoque
1357 659 1508 704 echini.

644 792 851 837 EPICHA
862 793 1019 838 RMVS

827 905 844 950 I

236 981 340 1025 Nam
376 982 554 1026 uidebar
586 983 805 1028 so'mniare
837 984 935 1027 med
967 999 1053 1042 ego
1087 999 1186 1028 csse
1218 985 1448 1029 mortuum.

786 1082 820 1125 ΙΙ
840 1081 859 1104 >l‘
872 1081 892 1104 >0⁵

235 1159 405 1219 Frigori
435 1159 585 1203 miscet
616 1159 803 1204 calorem
837 1165 966 1220 alque
997 1160 1133 1204 umori
1165 1159 1434 1204 aritsulinem.

97 1293 183 1323 Flor.
204 1290 239 1332 c)
269 1293 444 1334 ‘optime
469 1293 629 1334 sapiat:
661 1304 717 1323 nec
746 1294 915 1325 tamenab
942 1293 1083 1324 eruditis
1106 1292 1384 1333 rep1·eln·11ditu1·.'
1432 1292 1571 1324 Glossae

94 1344 225 1369 ueteres
252 1339 294 1370 ad
312 1338 444 1369 Petron.
472 1338 541 1369 Sat.
561 1338 604 1370 93
631 1344 795 1369 ‘scarus
823 1340 926 1381 piscis
953 1339 1156 1370 nobilissimi
1184 1348 1308 1379 genus,
1338 1338 1420 1368 mari
1447 1338 1571 1380 Carpa—

95 1384 165 1415 thio
187 1384 364 1424 frequens,
392 1395 433 1415 ee
445 1385 514 1415 reb
526 1395 607 1415 rum
631 1385 746 1416 louis
767 1386 874 1416 dietus
894 1386 934 1416 ab
956 1386 1085 1416 Ennio.’

141 1431 388 1462 EPICHARMVS
440 1431 449 1461 l
480 1430 595 1461 Cicero
629 1432 731 1461 Acad.
763 1442 813 1472 pr.
836 1433 864 1462 ΙΙ
890 1431 941 1463 ΙΓ).
966 1432 1002 1463 51
1035 1436 1134 1461 ‘num
1161 1440 1278 1460 censes
1306 1430 1466 1467 Ennium,
1495 1439 1568 1460 cum

95 1477 127 1507 in
146 1476 253 1507 hortis
276 1487 351 1507 cum
371 1475 489 1507 Seruio
512 1476 618 1507 Galba
646 1501 678 1507 ..
707 1478 930 1515 ambulasset,
968 1477 1116 1507 dixisse:
1159 1476 1253 1506 nisus
1280 1486 1353 1506 sum
1381 1475 1463 1506 mihi
1496 1486 1569 1506 eum

96 1521 202 1553 Galba
225 1522 422 1553 ambulare?
454 1523 494 1552 At
523 1532 596 1553 eum
626 1524 822 1557 somniauit.
856 1524 901 1553 ita
928 1524 1094 1553 narrauit:
1135 1522 1229 1552 uisus
1258 1522 1421 1552 Homerus
1450 1521 1570 1552 adesse

95 1570 212 1609 poeta:
240 1569 397 1608 idemque
425 1569 456 1598 in
478 1568 679 1610 Epicharmo
794 1570 859 1609 (in
884 1570 1098 1610 epiearmo
1119 1568 1205 1598 (lud.
1234 1569 1271 1598 in
1301 1568 1396 1608 epio
1426 1567 1569 1598 harmo

93 1613 217 1653 Vind.)
313 1615 339 1644 ΙΙ
378 1615 485 1644 Varro
515 1615 555 1645 dv
583 1614 621 1645 L.
650 1614 687 1645 L.
713 1615 742 1644 Y
772 1615 816 1645 60
846 1615 889 1645 M.
930 1615 1069 1654 ‘quibus
1104 1614 1224 1644 iunctis
1256 1613 1385 1644 caelum
1420 1618 1451 1643 et
1483 1619 1571 1644 terra

95 1661 207 1691 omnia
236 1666 487 1701 exgenuerunt,
528 1660 617 1700 quod
643 1670 703 1701 per
728 1660 788 1691 lios
813 1668 930 1691 natura
958 1660 1129 1701 frigori'
1169 1670 1197 1689 e.
1227 1670 1257 1698 q.
1283 1669 1309 1689 s.
1360 1658 1411 1690 Cf.
1442 1659 1569 1690 Nonius

93 1717 127 1748 p.
151 1706 206 1743 71,
228 1707 269 1737 22
297 1706 574 1737 ‘aritudinem
602 1716 661 1748 pro
688 1707 855 1737 ariditate.
901 1708 1008 1737 Varro
1036 1704 1263 1746 [Prometheo
1291 1705 1321 1735 in
1345 1704 1430 1736 libro
1451 1706 1480 1735 l:
1507 1704 1569 1735 hu-

95 1831 178 1855 cum
202 1824 236 1854 el
258 1819 391 1855 Cumas
413 1821 524 1866 apud.
549 1825 582 1855 al
607 1821 694 1866 quid
719 1821 926 1865 Turnebus,
952 1820 1197 1857 casaubonus.
1223 1819 1387 1855 Surrenti
1413 1819 1569 1865 lopadas

95 1877 251 1919 (mauult
269 1875 458 1921 chemas),
487 1879 659 1923 glaucum
684 1877 817 1913 Cumas
848 1877 961 1922 apud.
993 1881 1027 1912 at
1055 1876 1143 1922 quid
1169 1876 1346 1922 Scaliqer.
1377 1876 1570 1911 Surrenlid

92 1934 236 1978 elopem
270 1933 348 1966 face
379 1943 495 1967 emas.
526 1934 697 1977 glaucum
722 1933 769 1968 ad
792 1932 941 1968 Cumas.
973 1932 1069 1976 Quid
1092 1933 1293 1966 Salmasius
1406 1933 1426 1968 7
1457 1933 1570 1967 mela-

94 1999 224 2022 nurmn
258 1989 506 2031 (menalurum
538 1989 713 2027 Doruill.)
744 1989 889 2024 turdum
925 1989 1106 2029 (cardum
1142 1988 1278 2028 Fulu.)
1315 1989 1568 2033 merulamque

93 2046 333 2089 umbramque
367 2045 665 2090 (umbraminque
688 2045 802 2085 Pith.)
836 2046 1016 2080 marinam
1041 2045 1132 2082 libri.
1164 2045 1380 2087 Alburnum,
1409 2043 1568 2086 turdum,

92 2101 323 2134 melanurum
346 2112 379 2134 u.
404 2112 451 2134 m.
473 2101 550 2135 uel.-
582 2103 789 2144 alburnum,
816 2101 974 2143 turdum,
1001 2102 1252 2145 merulamque
1277 2112 1311 2134 ιι.
1332 2112 1380 2134 ln.
1403 2099 1569 2134 Ritsclze-

92 2156 160 2190 lius
180 2155 264 2190 Iml.
288 2155 400 2191 schol.
425 2156 546 2191 Bonn.
570 2160 659 2191 aesl.
687 2160 772 2193 1852
792 2169 833 2202 p.
858 2157 947 2192 XV.
980 2161 1053 2191 lum
1081 2156 1226 2190 turdum
1256 2157 1433 2190 merulam
1459 2156 1570 2189 mcla-

92 2222 222 2245 nurum
246 2223 278 2245 u.
306 2222 353 2248 m.
379 2210 613 2247 Schrculerus
727 2211 927 2254 Merulam,
951 2212 1113 2252 turdum,
1136 2212 1363 2246 melanurum
1383 2212 1572 2246 coniunoeil

93 2267 285 2302 Columella
307 2276 446 2312 quoque
475 2266 579 2302 VIII
598 2270 650 2310 16,
670 2271 693 2304 8
807 2267 872 2301 Hic
896 2277 1027 2302 uersus
1049 2268 1155 2313 uulyo
1171 2270 1258 2312 pasl
1276 2269 1298 2303 8
1319 2270 1352 2301 et
1370 2270 1391 2304 9
1413 2267 1540 2312 leyilur

147 2325 170 2359 8
199 2333 343 2356 scarum
367 2323 541 2367 praeterii
563 2323 647 2357 libri
758 2324 941 2357 celebrum
962 2323 1065 2356 Flor.
1085 2333 1105 2356 c
1119 2323 1275 2358 Doruill.
1392 2325 1412 2359 9
1435 2322 1569 2356 1110310-

94 2378 142 2413 ris
165 2378 261 2412 Pale.
381 2382 425 2414 10
456 2379 609 2423 pinguia
630 2389 742 2413 carne
765 2378 867 2413 Flor.
892 2388 924 2413 c.
952 2378 1106 2423 pinguia
1136 2389 1272 2412 carnae
1303 2377 1458 2412 Doruill.
1489 2376 1569 2422 pin-

93 2435 180 2479 guia
211 2433 374 2468 Atarnae
407 2433 504 2468 Pulc.
622 2438 663 2470 ll
695 2444 896 2479 purpuram
919 2433 1023 2468 Flor.
1047 2443 1067 2467 c
1095 2433 1191 2468 Pitk.
1219 2433 1376 2467 Doruill.
1491 2443 1568 2467 mu-

94 2490 199 2524 rieuli
226 2489 428 2524 Turnebus.
451 2489 636 2524 marriculi
658 2490 763 2524 Flor.
786 2500 807 2523 a
829 2499 849 2523 c
869 2488 963 2523 Pith.
988 2488 1067 2523 edd.
1092 2492 1161 2524 uel.
1186 2488 1364 2523 matriculi
1384 2487 1541 2523 Doruz'll.

148 2556 279 2579 murex
302 2544 550 2580 Casaubonus.
573 2556 697 2579 mures
720 2545 824 2582 Flor.
847 2556 869 2578 a
889 2544 985 2579 Pitlz.
1005 2544 1085 2579 edd.
1107 2548 1177 2579 uel.

152 2614 169 2646 1
202 2610 414 2654 sompniare
441 2610 520 2646 Erl.
552 2610 657 2645 Vincl.
681 2610 772 2646 Gusl.
890 2610 974 2644 med
1003 2621 1072 2656 ego
1107 2621 1192 2645 esse
1220 2609 1426 2653 Manutius,
1457 2608 1566 2643 Lam-

93 2666 208 2700 binus.
243 2676 300 2699 me
324 2670 358 2699 el
378 2676 449 2710 ego
472 2677 556 2700 esse
577 2665 656 2702 Erl.
687 2666 792 2701 Vincl.
816 2665 908 2701 Gna.
931 2676 1011 2701 cum
1031 2666 1112 2701 aliis
1132 2665 1243 2704 libris,
1276 2676 1346 2710 ego
1375 2664 1460 2699 med
1481 2676 1566 2700 esse

95 2720 260 2767 Scaliyer
282 2721 379 2757 Coni.
406 2733 448 2767 p.
468 2724 525 2759 26.
556 2726 691 2756 memet
719 2733 804 2756 esse
826 2721 1018 2757 Ernestius
1131 2725 1152 2758 2
1182 2721 1326 2756 humori
1348 2721 1454 2767 uulgo
