1762 3057
650 127 955 162 ENNIANAE
1439 133 1557 162 XXIII

294 234 422 286 ζῶντ’,
453 230 541 276 ἀλλ’
573 232 706 283 §affiget
737 234 802 274 καὶ
831 239 934 274 ποιεῖ
960 230 1094 286 ψυχὰν
1121 236 1232 287 ἕχεςν.

295 299 337 343 τὸ
366 302 408 342 δὲ
437 298 562 358 σοφὸν
593 299 618 342 ἆ
647 301 764 353 φύσις
791 298 873 342 τόδ’
905 299 1010 341 οἶδεν
1040 298 1091 350 ὡς
1120 303 1194 354 ἔχει
1237 335 1244 342 .

294 368 415 422 μόνα·
446 373 698 411 πεπαίδευται
727 367 802 422 γὰρ
833 364 1026 417 αὐταύτας
1053 366 1144 412 ὑπό.

76 456 159 504 Qua
190 468 231 493 re
262 467 345 493 cum
371 467 445 492 non
477 455 592 493 facile
623 453 712 493 alibi
746 466 856 504 quam
886 456 920 491 in
952 456 1181 504 cognomine
1213 458 1381 496 carmine
1410 459 1549 509 proba—

76 527 154 565 bile
184 529 230 564 sit
253 526 412 564 Ennium
436 524 556 562 Siculi
586 537 722 562 uersus
753 514 798 562 ac
831 526 1039 562 sententias
1071 528 1333 577 conuertisse,
1368 529 1455 567 huic
1482 542 1548 580 po-

74 600 146 636 tius
180 598 334 635 carmini
366 607 477 646 quam
508 594 695 644 annalium
728 594 953 645 prohoemio
987 608 1122 633 uersus
1156 596 1243 634 illos
1278 611 1361 636 cum
1407 602 1549 638 ceteris

74 669 204 707 iubent
234 668 378 705 inferri.
431 666 481 702 At
504 671 629 702 tamen
652 664 812 703 Ennium
845 667 880 703 in
903 677 950 703 eo
977 667 1143 705 carmine
1168 679 1242 704 non
1264 669 1334 707 nisi
1358 670 1546 721 interpre-

73 745 147 778 tem
186 739 316 788 egisse
348 736 567 787 Epicharmi
611 735 723 773 uelim
760 737 918 787 primum
955 736 1044 775 mihi
1077 738 1160 775 aliis
1199 751 1308 788 quam
1342 740 1418 778 illis
1450 754 1548 791 quos

73 822 188 861 supra
220 809 330 860 posui
362 807 520 845 Graecis
561 806 737 844 uersibus
771 807 946 858 probari:
987 808 1123 859 quibus
1164 810 1294 846 mirum
1335 817 1393 848 est
1431 823 1546 861 quos-

72 881 156 920 dam
202 892 277 918 non
322 879 464 917 uidisse
509 880 736 917 sententiam
776 880 963 917 contineri
1015 891 1174 929 prorsus
1223 881 1452 918 contrariam
1497 882 1548 931 ei7

72 964 181 1003 quam
225 962 322 1002 quos
364 949 450 987 inde
492 955 691 999 promptos
733 941 865 988 uolunt
907 962 1042 988 uersus
1073 950 1192 989 Latini
1225 952 1402 989 indicant.
1464 953 1547 992 Nec

72 1023 134 1073 qui
165 1022 303 1060 Latinis
329 1020 438 1059 Ennii
481 1019 574 1056 uelit
607 1018 766 1057 Graecis
805 1021 885 1057 istis
928 1021 1158 1071 responderi
1197 1022 1312 1060 habet
1348 1025 1543 1074 profecto,

71 1104 147 1144 quo
175 1092 336 1130 maxime
364 1091 622 1129 coniecturam
642 1095 795 1127 tutetur.
830 1089 888 1128 Cf.
913 1090 951 1128 L.
972 1091 1204 1130 Schmidtius
1225 1093 1382 1140 Quaest.
1402 1095 1540 1147 Epich.

71 1176 107 1215 p.
141 1162 193 1201 52
226 1175 283 1213 sq.
331 1162 408 1200 Sed
432 1166 516 1203 esto
550 1166 590 1198 ut
621 1160 674 1198 illi
702 1161 833 1199 uolunt
862 1163 1097 1199 conuerterit
1122 1162 1265 1200 Ennius
1290 1164 1543 1215 Epicharmea

71 1241 109 1273 et
144 1234 381 1273 conuerterit
421 1233 531 1270 etiam
563 1231 665 1269 illam
698 1244 803 1282 quae.
828 1232 986 1270 Graecis
1024 1232 1152 1269 uerbis
1186 1233 1331 1273 relicua
1364 1242 1422 1273 est
1458 1249 1543 1274 sen-

70 1306 244 1353 tentiam,
284 1304 371 1342 inde
404 1315 541 1342 uersus
577 1302 666 1340 illos
709 1302 954 1340 hexametros
996 1315 1070 1340 non
1109 1316 1355 1355 consequens
1393 1307 1463 1344 erit
1506 1314 1543 1345 ut

70 1366 301 1427 Epicharmo
328 1374 523 1413 attribuas.
580 1373 703 1411 Potuit
729 1375 825 1411 enim
849 1373 1015 1421 Ennius,
1049 1387 1133 1412 cum
1166 1375 1200 1412 in
1235 1377 1420 1414 annalium
1454 1390 1541 1428 pro—

68 1448 221 1486 hoemio
262 1453 299 1485 et
338 1444 622 1497 philosophiam
662 1445 868 1493 attingeret
909 1451 946 1482 et
986 1445 1089 1483 illum
1132 1445 1257 1484 locum
1295 1449 1358 1497 qui
1398 1455 1457 1486 est.
1495 1450 1541 1487 de

68 1525 199 1557 natura
237 1519 463 1563 animarum,
520 1514 757 1553 commodam
795 1514 1013 1565 Epicharmi
1057 1519 1284 1556 sententiam
1329 1520 1542 1570 asciscere,

69 1603 178 1640 quam
220 1595 358 1640 postea
394 1588 430 1623 in
470 1586 728 1636 Epicharmo,
775 1586 806 1623 si
846 1585 996 1635 quidem
1031 1587 1106 1625 hoc
1151 1601 1304 1627 carmen
1348 1592 1543 1640 posterius

68 1667 127 1698 est
153 1659 375 1706 annalibus,
412 1658 569 1708 propius
596 1656 743 1693 Graeca
769 1662 925 1694 secutus
956 1669 1216 1707 expressurus
1248 1667 1341 1698 erat.
1403 1662 1541 1706 Potuit„

67 1733 237 1782 iuquam,
282 1729 444 1767 Emlius:
503 1729 615 1765 immo
664 1727 930 1765 commendant
976 1729 1161 1767 rationem
1209 1731 1397 1780 quaedam
1443 1744 1542 1782 quae

67 1801 181 1839 hodie
212 1805 343 1839 extant
379 1799 605 1849 fragmenta.
668 1797 790 1845 Quem
824 1800 920 1837 enim
954 1798 1077 1838 Varro
1115 1801 1162 1838 de
1198 1801 1237 1839 L.
1260 1801 1300 1839 L.
1332 1801 1366 1838 V
1396 1794 1451 1839 δυ’
1490 1802 1538 1840 Μ.

67 1871 234 1909 laudauit
284 1869 547 1908 hexametrum
602 1876 774 1917 terraque
829 1882 966 1917 ctu-pus
1015 1873 1114 1916 Quae
1163 1875 1257 1910 dedic
1314 1877 1395 1922 ipsa
1444 1878 1544 1922 calfit

65 1953 180 1989 neque
211 1943 382 1989 dispendi
405 1944 498 1990 facit
523 1943 633 1978 hilum
666 1938 844 1989 (Xlll)‚·
869 1941 903 1977 ei
932 1942 1002 1979 nisi
1034 1954 1275 1993 comparem,
1308 1950 1344 1981 at
1375 1945 1538 1982 similem

66 2011 293 2048 sententiam
334 2011 396 2049 hic
439 2023 580 2050 uersus.
617 2008 788 2050 eontinet
827 2023 899 2060 eo,
958 2024 1070 2062 quem
1115 2014 1264 2051 unicum
1304 2014 1538 2066 Epicharmo

66 2082 322 2131 uindicamus‚
373 2094 530 2120 numero
574 2082 772 2120 trochaico
818 2083 1060 2135 conscriptus
1105 2086 1215 2122 le'rris
1252 2088 1388 2132 aculeis
1427 2088 1540 2121 o'mnss

59 2157 207 2201 peperit
235 2154 269 2190 e't
300 2158 448 2191 resumit
475 2157 586 2191 minuo
637 2152 795 2203 (Epich.
830 2149 917 2203 lv').
957 2153 1040 2192 Nec
1064 2167 1171 2203 sane7
1196 2157 1266 2193 nisi
1292 2156 1354 2204 qui
1379 2156 1536 2204 argutiis

10 2210 22 2217 ⁶
66 2234 146 2259 rem
179 2224 270 2271 agit,
301 2223 425 2261 eidem
447 2230 645 2274 utrumque
668 2222 900 2274 Epicharmo
924 2225 1065 2262 ascribi
1088 2226 1288 2276 perstabit.
1336 2225 1536 2264 Rationum

67 2292 375 2343 probabilitatem
409 2280 444 2330 si*
467 2295 665 2344 sequeris,
710 2294 808 2331 hunc
838 2296 1094 2344 posteriorem
1125 2297 1312 2335 suadente
1344 2302 1382 2332 et
1413 2302 1534 2332 metro

65 2369 103 2401 et
147 2376 261 2400 sensu
294 2362 549 2413 Epicharmo,
594 2364 752 2401 alterum
792 2365 990 2402 annalibus
1023 2372 1060 2403 et
1092 2367 1126 2404 ei
1159 2368 1311 2417 quidem
1342 2367 1438 2416 parti
1471 2378 1533 2403 an-

65 2434 226 2482 nalium,
269 2446 342 2484 qua
371 2433 446 2472 hoc
478 2439 584 2472 certe
617 2434 796 2482 uicimus,
832 2435 989 2484 opinor,
1028 2435 1262 2487 philosophe
1301 2436 1533 2474 disseruisse

65 2490 232 2553 poetam,
265 2504 452 2554 adpones.
1132 2503 1136 2507 ’

176 2572 339 2612 Restant
362 2575 435 2612 duo
468 2575 515 2613 de
545 2573 708 2612 exordio
741 2586 891 2622 uersus,
923 2573 971 2612 de
1002 2575 1138 2625 quibus
1165 2576 1267 2613 iuuat
1298 2574 1418 2612 uerbo
1455 2587 1533 2613 mo-

64 2657 171 2683 nere.
243 2644 340 2683 Huic
378 2644 476 2684 enim
516 2646 729 2694 fragmento
768 2656 862 2692 quae
908 2656 1002 2682 caua
1050 2658 1206 2693 empore.
1241 2649 1410 2684 caeruleo
1452 2660 1532 2684 cor-

64 2720 138 2753 {ina
172 2723 334 2765 receptat
372 2715 467 2767 (XI)
513 2714 648 2753 dudum
680 2716 716 2753 in
761 2715 917 2753 annales
956 2715 1026 2754 sed
1060 2727 1192 2766 parum
1241 2709 1534 2763 commendabili
