1762 3057
544 174 774 213 VERSVS
805 174 1079 211 MERVLAE
1508 168 1586 210 185

219 352 437 409 Disperge
457 350 621 404 hostes,
654 281 877 402 distrahxes,I
898 347 1049 401 (uduo,
1080 347 1246 401 dinide,
1279 346 1405 388 differ

802 436 891 477 VH

219 507 442 559 Vndique:
473 504 737 546 multimodis
759 503 1024 544 consumitur
1045 502 1176 543 anxia
1196 502 1310 543 curis

221 559 432 605 Omnibus
455 562 555 603 inde
576 561 682 602 locis
704 561 858 614 ingens
880 564 1058 614 apparet
1079 559 1221 611 imago

223 619 464 671 Tristitias3
497 618 728 672 oculosque
749 629 984 670 manusque
1006 614 1062 655 ad
1082 612 1225 655 sidera
1250 614 1384 655 lassas

221 674 491 716 Protondunt
514 672 780 714 exsecrando
805 671 914 712 duci’
942 669 1057 710 facta
1079 670 1343 726 reprendunt

219 732 355 773 Poeni
377 736 672 787 peruertentes
699 728 841 770 omnia
865 727 1215 768 circumcursant.

791 815 904 857 VIII

222 893 394 935 Fuluiu’
419 892 619 934 Nobilior
640 893 792 934 strauit
814 892 1046 933 certamine
1072 892 1223 933 crebro

221 949 399 992 Aetolos

814 1003 882 1044 IX

221 1083 322 1123 Vim
342 1087 416 1122 tua
437 1080 636 1121 noluntas
658 1079 762 1120 facit
784 1078 1016 1134 imperiosa
1035 1078 1223 1119 uetando

225 1138 364 1190 Quem
385 1136 535 1179 consul
560 1136 736 1188 meruit,
767 1149 896 1191 quom
918 1149 984 1175 res
1006 1133 1116 1175 bene
1138 1141 1263 1189 gesta
1271 1167 1282 1188 7
1311 1133 1588 1190 triumphum.

826 1221 870 1262 X

876 1329 885 1337 .
945 1296 1152 1352 praedam

222 1330 449 1412 sigpeffit·

819 1408 887 1450 XI

228 1519 237 1527 .
300 1517 309 1525 .
372 1516 380 1525 .
444 1516 453 1525 .
517 1516 525 1525 .
588 1516 597 1526 .
877 1516 886 1525 .
946 1483 1032 1525 telo

226 1540 464 1595 Transfigit
491 1553 645 1597 corpus

802 1596 894 1637 XII

228 1705 237 1714 .
300 1704 310 1713 .
372 1704 381 1713 .
444 1703 453 1713 .
515 1703 524 1712 .
660 1703 669 1712 .
730 1677 985 1728 postumque
1006 1671 1182 1727 tyranni

226 1728 453 1785 Tarquinii
474 1742 629 1784 corpus

115 1856 256 1889 Glossae
350 1854 397 1886 VI
422 1854 509 1886 Ibid.
528 1854 640 1896 p.354
667 1854 831 1897 ‘glossam
850 1853 1006 1885 Forneri:
1035 1852 1186 1884 diuido
1212 1849 1482 1891 ὃιασπείρω.
1512 1851 1593 1882 Εη-

115 1904 210 1934 nius
230 1902 271 1932 in
292 1901 440 1941 quinto
461 1900 522 1931 ...’
570 1900 620 1932 Cf.
645 1902 687 1932 A.
709 1900 856 1932 Kocliius
883 1901 903 1932 l.
934 1900 955 1930 l.
982 1910 1016 1941 p.
1037 1900 1058 1930 4
1152 1899 1215 1929 VII
1242 1897 1328 1928 Ibid.
1350 1908 1383 1939 p.
1406 1897 1471 1929 417
1499 1897 1593 1929 ‘Cal-

115 1949 256 1992 purnius
284 1947 341 1979 ille
369 1946 457 1979 lib.I
479 1947 598 1978 ubido
618 1947 898 1979 dissolutionibus
926 1971 951 1976 ..
967 1970 994 1976 ..
1024 1950 1148 1985 quanta
1173 1950 1285 1976 autem
1314 1944 1429 1974 audita
1456 1953 1593 1974 suorum

117 1995 213 2027 clade
232 1993 413 2026 formidine
431 1995 692 2025 contremuerint
705 1993 789 2028 Afri,
811 2004 910 2033 quam
929 1992 1104 2034 repentino
1127 1996 1217 2022 motu
1237 1990 1371 2021 illorum
1389 1990 1494 2020 animi
1515 1999 1593 2020 con-

116 2041 259 2073 ciderint
278 2040 406 2071 Ennius
429 2040 513 2071 libro
535 2040 680 2081 septimo
703 2040 920 2070 ‹lissolntiore
941 2039 974 2069 id
994 2044 1043 2070 est
1062 2037 1201 2069 meliore
1221 2036 1381 2067 describit
1403 2042 1473 2067 arte
1495 2046 1595 2076 quam

116 2087 283 2119 Naeuius:
317 2085 407 2127 quod
425 2086 533 2128 potuit
554 2086 610 2125 qui
630 2086 694 2117 hoc
722 2087 889 2128 posterior
911 2085 989 2116 fuit:
1025 2083 1128 2126 [Ann.
1156 2081 1236 2124 311]
1261 2083 1435 2122 Yndiquc'
1460 2093 1487 2113 e.
1511 2093 1542 2121 q.
1565 2092 1591 2113 s.

118 2133 170 2165 Cf.
192 2133 233 2164 A.
255 2131 404 2163 Kocliius
429 2132 450 2164 1.
474 2132 496 2163 l.
516 2141 550 2172 p.
573 2131 593 2163 3
609 2143 658 2172 sq.
755 2132 834 2162 VIII
862 2131 946 2162 Ibid.
977 2141 1011 2172 p.
1033 2131 1096 2162 551
1128 2130 1282 2171 ‘glossae
1311 2129 1468 2159 Forneri:
1500 2124 1592 2158 αἶπο-

116 2177 268 2216 κτείνω,
292 2183 417 2209 sterno.
464 2178 593 2208 Ennius
613 2201 620 2207 .
641 2202 647 2208 .
667 2178 692 2208 .’
736 2177 938 2208 Nobilior
962 2176 1118 2207 strauit
1148 2175 1288 2207 Merula.
1327 2174 1492 2205 nobilis
1519 2174 1594 2205 ob-

116 2225 273 2257 strauit
292 2223 432 2255 Glossae
505 2223 654 2254 crebro
678 2223 850 2254 Aitolos
868 2223 1007 2254 Merula.
1032 2222 1210 2252 cerebro
1234 2225 1271 2251 et
1293 2220 1397 2251 illos
1418 2220 1558 2251 Glossae

164 2270 210 2302 IX
239 2269 324 2302 Ibid.
343 2279 378 2311 p.
400 2267 466 2301 563
494 2271 502 2284 ⁴
516 2268 717 2310 Calpurnius
739 2268 823 2299 libro
844 2270 872 2299 l:
901 2268 1200 2300 uehementissime
1226 2265 1318 2308 apud
1336 2266 1479 2296 Ennium
1502 2270 1594 2296 tonat

118 2316 256 2349 Clodius
269 2315 388 2347 Pulcer
408 2315 442 2345 in
456 2315 499 2346 M.
517 2315 699 2346 Aebutium
715 2314 792 2346 trib.
812 2315 934 2355 plebis,
956 2324 1031 2345 cum
1046 2313 1239 2355 prohiberet
1254 2311 1475 2353 triumphum,
1495 2321 1594 2351 quern

117 2364 159 2395 ob
181 2372 234 2394 res
260 2363 294 2393 in
312 2361 453 2394 Graecia
473 2361 645 2403 praeclare
664 2366 778 2403 gestas
802 2361 996 2391 decreuerat
1022 2368 1144 2400 magno
1165 2368 1330 2390 consensu
1356 2362 1511 2395 senatus,
1541 2367 1595 2387 ac-

118 2418 240 2441 cusans
267 2408 368 2440 etiam
397 2407 583 2439 Manilium.
620 2407 707 2438 Inter
734 2407 816 2437 alia:
844 2407 930 2437 uim'
959 2416 988 2439 e.
1015 2416 1046 2444 q.
1074 2416 1101 2438 s,
1137 2408 1199 2436 ‘ex
1228 2403 1348 2434 affectu
1366 2403 1450 2434 haec
1468 2403 1596 2434 Ennius

117 2455 254 2497 scripsit
279 2455 312 2485 in
341 2453 485 2495 gratiam
513 2454 565 2485 sui
592 2453 708 2489 Fului,
736 2462 802 2483 non
826 2462 868 2483 ex
894 2451 1058 2483 ueritate.'
1107 2450 1156 2482 Cf.
1190 2451 1230 2480 A.
1259 2449 1406 2480 Kochius
1426 2449 1448 2482 l.
1473 2449 1494 2481 l.
1520 2459 1555 2490 p.
1574 2450 1596 2480 4

119 2503 175 2542 qui
201 2507 312 2532 tamen
338 2500 379 2531 de
405 2499 604 2531 noluntas
633 2499 742 2531 forma
768 2498 913 2530 fallitur:
941 2497 984 2528 cf.
1016 2496 1126 2528 Gloss.
1158 2495 1289 2527 Placidi
1322 2494 1384 2533 (A,
1414 2495 1480 2525 Mai
1507 2499 1593 2525 auct.

119 2548 220 2580 class.
254 2547 300 2578 VI
323 2545 405 2586 568)
512 2546 545 2577 X
579 2545 664 2576 Ibid.
697 2556 730 2587 p.
760 2544 827 2576 226
867 2543 1089 2585 ‘glossarium
1121 2542 1196 2575 Gul.
1231 2541 1389 2572 Forneri:
1432 2538 1606 2582 dispertio'

119 2587 295 2634 ὃιανέμω.
337 2591 482 2624 Ennius:
519 2592 681 2634 praedam
707 2590 886 2632 dispertit.'
935 2589 1115 2621 Coniunxit
1140 2588 1270 2619 Merula
1295 2597 1370 2618 cum
1395 2587 1482 2618 Anu.
1506 2586 1549 2618 78

164 2639 209 2671 XI
238 2639 323 2670 Ibid.
345 2649 379 2680 p.
400 2636 468 2669 308
501 2638 613 2680 ‘apud
639 2637 859 2678 Calpurnium
879 2636 1034 2667 Pisonem
1061 2634 1118 2666 lib.
1135 2635 1164 2665 II
1187 2643 1251 2674 quo
1275 2633 1347 2665 loco
1372 2634 1442 2675 agit
1468 2632 1510 2664 de
1535 2643 1595 2665 uo-

120 2696 195 2717 cum
222 2685 370 2717 sectione
401 2708 490 2715 .....
513 2684 649 2726 scripsit
668 2684 796 2714 Ennius
824 2682 960 2714 licentia
986 2680 1130 2722 quadam
1154 2679 1330 2711 toleranda
1357 2678 1414 2710 lib.
1431 2679 1494 2709 VI:
1528 2678 1595 2710 telo

119 2732 285 2773 transfigit
312 2740 452 2772 corpuS‚
481 2740 563 2762 saxo
591 2740 665 2762 cere
692 2729 887 2760 comminuit
911 2728 1029 2759 brum.'
1076 2726 1127 2758 Cf.
1149 2727 1235 2757 Ann.
1258 2725 1324 2757 586
1418 2724 1481 2756 XII
1508 2724 1592 2756 Ibid.

120 2788 154 2820 p.
184 2777 250 2810 310
285 2777 437 2820 ‘glossae
456 2777 611 2809 Forneri:
639 2782 818 2817 tyrannus,
854 2768 1042 2817 βασιλεύς·
1068 2773 1196 2804 Ennius
1223 2770 1421 2803 annalibus:
1453 2775 1596 2803 tostum-
