<?xml version="1.0" encoding="UTF-8"?>
<!DOCTYPE html PUBLIC "-//W3C//DTD XHTML 1.0 Transitional//EN"
    "http://www.w3.org/TR/xhtml1/DTD/xhtml1-transitional.dtd">
<html xmlns="http://www.w3.org/1999/xhtml" xml:lang="en" lang="en">
 <head>
  <title>
</title>
<meta http-equiv="Content-Type" content="text/html;charset=utf-8" />
  <meta name='ocr-system' content='tesseract 3.04.00' />
  <meta name='ocr-capabilities' content='ocr_page ocr_carea ocr_par ocr_line ocrx_word'/>
</head>
<body>
  <div class='ocr_page' id='page_1' title='image "./poesisreliquiae00enniuoft_0047.png"; bbox 0 0 1762 3057; ppageno 0'>
   <div class='ocr_carea' id='block_1_1' title="bbox 664 183 1555 234">
    <p class='ocr_par' dir='ltr' id='par_1_1' title="bbox 664 183 1555 234">
     <span class='ocr_line' id='line_1_1' title="bbox 664 183 1555 234; baseline 0.003 -3"><span class='ocrx_word' id='word_1_1' title='bbox 664 197 965 232; x_wconf 78' lang='grc' dir='ltr'>ΕΝΝΙΑΝΑΕ</span> <span class='ocrx_word' id='word_1_2' title='bbox 1015 183 1032 196; x_wconf 86' lang='grc'>““</span> <span class='ocrx_word' id='word_1_3' title='bbox 1410 206 1555 234; x_wconf 72' lang='lat' dir='ltr'>xxnx</span> 
     </span>
    </p>
   </div>
   <div class='ocr_carea' id='block_1_2' title="bbox 85 304 1555 430">
    <p class='ocr_par' dir='ltr' id='par_1_2' title="bbox 85 304 1555 430">
     <span class='ocr_line' id='line_1_2' title="bbox 85 304 1555 355; baseline 0.002 -12"><span class='ocrx_word' id='word_1_4' title='bbox 85 306 225 355; x_wconf 54' lang='lat' dir='ltr'>ligitur„</span> <span class='ocrx_word' id='word_1_5' title='bbox 260 306 330 342; x_wconf 90' lang='lat' dir='ltr'>iam</span> <span class='ocrx_word' id='word_1_6' title='bbox 363 304 522 342; x_wconf 89' lang='lat' dir='ltr'>Ennium</span> <span class='ocrx_word' id='word_1_7' title='bbox 555 306 601 343; x_wconf 90' lang='lat' dir='ltr'>de</span> <span class='ocrx_word' id='word_1_8' title='bbox 632 306 795 345; x_wconf 71' lang='lat' dir='ltr'>Hersilia</span> <span class='ocrx_word' id='word_1_9' title='bbox 828 308 862 344; x_wconf 90' lang='lat' dir='ltr'>in</span> <span class='ocrx_word' id='word_1_10' title='bbox 893 306 1031 344; x_wconf 88' lang='lat' dir='ltr'>Horam</span> <span class='ocrx_word' id='word_1_11' title='bbox 1063 308 1208 354; x_wconf 78' lang='lat' dir='ltr'>Quirini</span> <span class='ocrx_word' id='word_1_12' title='bbox 1240 314 1466 346; x_wconf 85' lang='lat' dir='ltr'>commutata</span> <span class='ocrx_word' id='word_1_13' title='bbox 1493 321 1555 346; x_wconf 82' lang='lat' dir='ltr'>ce-</span> 
     </span>
     <span class='ocr_line' id='line_1_3' title="bbox 85 375 1552 430; baseline 0.003 -18"><span class='ocrx_word' id='word_1_14' title='bbox 85 376 245 413; x_wconf 87' lang='lat' dir='ltr'>cinisse:</span> <span class='ocrx_word' id='word_1_15' title='bbox 277 387 386 426; x_wconf 87' lang='lat' dir='ltr'>quam</span> <span class='ocrx_word' id='word_1_16' title='bbox 408 388 486 413; x_wconf 85' lang='lat' dir='ltr'>rem</span> <span class='ocrx_word' id='word_1_17' title='bbox 511 388 617 414; x_wconf 91' lang='lat' dir='ltr'>more</span> <span class='ocrx_word' id='word_1_18' title='bbox 636 390 705 415; x_wconf 85' lang='lat' dir='ltr'>suo</span> <span class='ocrx_word' id='word_1_19' title='bbox 736 378 946 415; x_wconf 81' lang='lat' dir='ltr'>inlustrauit</span> <span class='ocrx_word' id='word_1_20' title='bbox 964 376 1121 413; x_wconf 81' lang='lat' dir='ltr'>Ouidius</span> <span class='ocrx_word' id='word_1_21' title='bbox 1150 375 1239 414; x_wconf 82' lang='lat' dir='ltr'>Met.</span> <span class='ocrx_word' id='word_1_22' title='bbox 1261 379 1349 416; x_wconf 86' lang='lat' dir='ltr'>XIV</span> <span class='ocrx_word' id='word_1_23' title='bbox 1370 378 1449 417; x_wconf 73' lang='lat'>829</span> <span class='ocrx_word' id='word_1_24' title='bbox 1467 392 1552 430; x_wconf 86' lang='lat' dir='ltr'>sqq.</span> 
     </span>
    </p>
   </div>
   <div class='ocr_carea' id='block_1_3' title="bbox 707 502 941 541">
    <p class='ocr_par' dir='ltr' id='par_1_3' title="bbox 707 502 941 541">
     <span class='ocr_line' id='line_1_4' title="bbox 707 502 941 541; baseline 0 -1"><span class='ocrx_word' id='word_1_25' title='bbox 707 502 873 541; x_wconf 71' lang='lat' dir='ltr'>CAPVT</span> <span class='ocrx_word' id='word_1_26' title='bbox 910 502 941 540; x_wconf 90' lang='lat' dir='ltr'>Il</span> 
     </span>
    </p>
   </div>
   <div class='ocr_carea' id='block_1_4' title="bbox 59 586 1554 2815">
    <p class='ocr_par' dir='ltr' id='par_1_4' title="bbox 59 586 1554 1623">
     <span class='ocr_line' id='line_1_5' title="bbox 196 586 1553 638; baseline 0.003 -15"><span class='ocrx_word' id='word_1_27' title='bbox 196 586 254 624; x_wconf 82' lang='lat' dir='ltr'>De</span> <span class='ocrx_word' id='word_1_28' title='bbox 286 589 503 626; x_wconf 87' lang='lat' dir='ltr'>seeundo</span> <span class='ocrx_word' id='word_1_29' title='bbox 537 588 696 626; x_wconf 91' lang='lat' dir='ltr'>annali</span> <span class='ocrx_word' id='word_1_30' title='bbox 730 599 849 637; x_wconf 83' lang='lat' dir='ltr'>panea</span> <span class='ocrx_word' id='word_1_31' title='bbox 876 593 961 623; x_wconf 86' lang='lat' dir='ltr'>sunt</span> <span class='ocrx_word' id='word_1_32' title='bbox 994 599 1090 636; x_wconf 85' lang='lat' dir='ltr'>quae</span> <span class='ocrx_word' id='word_1_33' title='bbox 1124 595 1262 637; x_wconf 79' lang='lat' dir='ltr'>egeant</span> <span class='ocrx_word' id='word_1_34' title='bbox 1295 591 1553 638; x_wconf 62' lang='lat' dir='ltr'>enarratimw,</span> 
     </span>
     <span class='ocr_line' id='line_1_6' title="bbox 84 658 1553 710; baseline 0.003 -17"><span class='ocrx_word' id='word_1_35' title='bbox 84 668 167 694; x_wconf 84' lang='lat' dir='ltr'>cum</span> <span class='ocrx_word' id='word_1_36' title='bbox 199 669 271 695; x_wconf 84' lang='lat' dir='ltr'>nec</span> <span class='ocrx_word' id='word_1_37' title='bbox 302 658 441 695; x_wconf 82' lang='lat' dir='ltr'>multae</span> <span class='ocrx_word' id='word_1_38' title='bbox 468 670 515 695; x_wconf 86' lang='lat' dir='ltr'>ex</span> <span class='ocrx_word' id='word_1_39' title='bbox 544 658 616 695; x_wconf 88' lang='lat' dir='ltr'>hac</span> <span class='ocrx_word' id='word_1_40' title='bbox 648 664 756 707; x_wconf 88' lang='lat' dir='ltr'>parte</span> <span class='ocrx_word' id='word_1_41' title='bbox 784 671 855 695; x_wconf 81' lang='lat' dir='ltr'>uec</span> <span class='ocrx_word' id='word_1_42' title='bbox 887 670 955 695; x_wconf 85' lang='lat' dir='ltr'>eae</span> <span class='ocrx_word' id='word_1_43' title='bbox 989 658 1070 695; x_wconf 84' lang='lat' dir='ltr'>sere</span> <span class='ocrx_word' id='word_1_44' title='bbox 1093 658 1347 701; x_wconf 66' lang='lat' dir='ltr'>obscuriores</span> <span class='ocrx_word' id='word_1_45' title='bbox 1367 661 1553 710; x_wconf 71' lang='lat' dir='ltr'>reliquiae</span> 
     </span>
     <span class='ocr_line' id='line_1_7' title="bbox 59 726 1553 779; baseline 0.003 -16"><span class='ocrx_word' id='word_1_46' title='bbox 59 739 200 777; x_wconf 67' lang='lat' dir='ltr'>super</span> <span class='ocrx_word' id='word_1_47' title='bbox 226 728 310 764; x_wconf 88' lang='lat' dir='ltr'>sint.</span> <span class='ocrx_word' id='word_1_48' title='bbox 357 726 482 764; x_wconf 83' lang='lat' dir='ltr'>Trium</span> <span class='ocrx_word' id='word_1_49' title='bbox 515 729 577 777; x_wconf 90' lang='lat' dir='ltr'>qui</span> <span class='ocrx_word' id='word_1_50' title='bbox 606 727 803 766; x_wconf 83' lang='lat' dir='ltr'>Romulum</span> <span class='ocrx_word' id='word_1_51' title='bbox 838 729 1024 777; x_wconf 73' lang='lat' dir='ltr'>deinceps</span> <span class='ocrx_word' id='word_1_52' title='bbox 1055 730 1177 766; x_wconf 81' lang='lat' dir='ltr'>secuti</span> <span class='ocrx_word' id='word_1_53' title='bbox 1205 737 1289 767; x_wconf 88' lang='lat' dir='ltr'>sunt</span> <span class='ocrx_word' id='word_1_54' title='bbox 1315 744 1447 779; x_wconf 77' lang='lat' dir='ltr'>regum</span> <span class='ocrx_word' id='word_1_55' title='bbox 1479 732 1553 768; x_wconf 87' lang='lat' dir='ltr'>Ro-</span> 
     </span>
     <span class='ocr_line' id='line_1_8' title="bbox 85 798 1551 850; baseline 0.003 -16"><span class='ocrx_word' id='word_1_56' title='bbox 85 809 277 835; x_wconf 91' lang='lat' dir='ltr'>manorum</span> <span class='ocrx_word' id='word_1_57' title='bbox 316 803 426 846; x_wconf 82' lang='lat' dir='ltr'>gesta</span> <span class='ocrx_word' id='word_1_58' title='bbox 459 799 720 847; x_wconf 86' lang='lat' dir='ltr'>perhibentur.</span> <span class='ocrx_word' id='word_1_59' title='bbox 784 799 841 837; x_wconf 76' lang='lat' dir='ltr'>Ae</span> <span class='ocrx_word' id='word_1_60' title='bbox 869 798 931 836; x_wconf 88' lang='lat' dir='ltr'>Nu</span> <span class='ocrx_word' id='word_1_61' title='bbox 945 812 976 835; x_wconf 95' lang='lat' dir='ltr'>m</span> <span class='ocrx_word' id='word_1_62' title='bbox 990 811 1071 845; x_wconf 42' lang='lat' dir='ltr'>anu</span> <span class='ocrx_word' id='word_1_63' title='bbox 1107 810 1217 848; x_wconf 87' lang='lat' dir='ltr'>quem</span> <span class='ocrx_word' id='word_1_64' title='bbox 1249 811 1368 847; x_wconf 79' lang='lat' dir='ltr'>aegre</span> <span class='ocrx_word' id='word_1_65' title='bbox 1401 803 1463 850; x_wconf 83' lang='lat' dir='ltr'>qui</span> <span class='ocrx_word' id='word_1_66' title='bbox 1495 814 1551 839; x_wconf 87' lang='lat' dir='ltr'>sa—</span> 
     </span>
     <span class='ocr_line' id='line_1_9' title="bbox 86 867 1552 918; baseline 0.002 -13"><span class='ocrx_word' id='word_1_67' title='bbox 86 870 137 918; x_wconf 90' lang='lat' dir='ltr'>pit</span> <span class='ocrx_word' id='word_1_68' title='bbox 170 869 204 905; x_wconf 90' lang='lat' dir='ltr'>in</span> <span class='ocrx_word' id='word_1_69' title='bbox 246 869 402 917; x_wconf 91' lang='lat' dir='ltr'>primum</span> <span class='ocrx_word' id='word_1_70' title='bbox 442 867 614 905; x_wconf 79' lang='lat' dir='ltr'>annalem</span> <span class='ocrx_word' id='word_1_71' title='bbox 656 871 852 917; x_wconf 63' lang='lat' dir='ltr'>inferciat,</span> <span class='ocrx_word' id='word_1_72' title='bbox 895 882 1004 906; x_wconf 87' lang='lat' dir='ltr'>unmn</span> <span class='ocrx_word' id='word_1_73' title='bbox 1044 882 1090 906; x_wconf 83' lang='lat' dir='ltr'>ex</span> <span class='ocrx_word' id='word_1_74' title='bbox 1131 869 1214 918; x_wconf 87' lang='lat' dir='ltr'>ipso</span> <span class='ocrx_word' id='word_1_75' title='bbox 1256 869 1352 907; x_wconf 89' lang='lat' dir='ltr'>libro</span> <span class='ocrx_word' id='word_1_76' title='bbox 1391 871 1552 909; x_wconf 88' lang='lat' dir='ltr'>adlatum</span> 
     </span>
     <span class='ocr_line' id='line_1_10' title="bbox 82 937 1552 991; baseline 0.003 -16"><span class='ocrx_word' id='word_1_77' title='bbox 82 939 335 987; x_wconf 74' lang='lat' dir='ltr'>fragmentum</span> <span class='ocrx_word' id='word_1_78' title='bbox 373 937 466 987; x_wconf 85' lang='lat' dir='ltr'>(lv)</span> <span class='ocrx_word' id='word_1_79' title='bbox 498 937 695 987; x_wconf 81' lang='lat' dir='ltr'>designat.</span> <span class='ocrx_word' id='word_1_80' title='bbox 738 942 772 978; x_wconf 87' lang='lat' dir='ltr'>in</span> <span class='ocrx_word' id='word_1_81' title='bbox 804 952 879 990; x_wconf 82' lang='lat' dir='ltr'>quo</span> <span class='ocrx_word' id='word_1_82' title='bbox 909 941 1023 978; x_wconf 82' lang='lat' dir='ltr'>facile</span> <span class='ocrx_word' id='word_1_83' title='bbox 1060 952 1276 977; x_wconf 87' lang='lat' dir='ltr'>sermonem</span> <span class='ocrx_word' id='word_1_84' title='bbox 1310 940 1454 979; x_wconf 86' lang='lat' dir='ltr'>Numae</span> <span class='ocrx_word' id='word_1_85' title='bbox 1488 955 1552 991; x_wconf 69' lang='lat' dir='ltr'>ag—</span> 
     </span>
     <span class='ocr_line' id='line_1_11' title="bbox 81 1006 1554 1061; baseline 0.004 -16"><span class='ocrx_word' id='word_1_86' title='bbox 81 1020 236 1057; x_wconf 74' lang='lat' dir='ltr'>nosces,</span> <span class='ocrx_word' id='word_1_87' title='bbox 269 1008 331 1058; x_wconf 85' lang='lat' dir='ltr'>qui</span> <span class='ocrx_word' id='word_1_88' title='bbox 359 1006 524 1045; x_wconf 86' lang='lat' dir='ltr'>salubria</span> <span class='ocrx_word' id='word_1_89' title='bbox 557 1009 722 1048; x_wconf 86' lang='lat' dir='ltr'>instituta</span> <span class='ocrx_word' id='word_1_90' title='bbox 762 1011 879 1048; x_wconf 89' lang='lat' dir='ltr'>noluit</span> <span class='ocrx_word' id='word_1_91' title='bbox 919 1011 1067 1048; x_wconf 80' lang='lat' dir='ltr'>aboleri</span> <span class='ocrx_word' id='word_1_92' title='bbox 1100 1017 1186 1061; x_wconf 85' lang='lat' dir='ltr'>post</span> <span class='ocrx_word' id='word_1_93' title='bbox 1233 1011 1388 1048; x_wconf 89' lang='lat' dir='ltr'>obitum.</span> <span class='ocrx_word' id='word_1_94' title='bbox 1447 1012 1554 1059; x_wconf 87' lang='lat' dir='ltr'>Quae</span> 
     </span>
     <span class='ocr_line' id='line_1_12' title="bbox 83 1079 1553 1131; baseline 0.003 -15"><span class='ocrx_word' id='word_1_95' title='bbox 83 1079 273 1126; x_wconf 68' lang='lat' dir='ltr'>instituta,</span> <span class='ocrx_word' id='word_1_96' title='bbox 306 1090 415 1116; x_wconf 79' lang='lat' dir='ltr'>sacra</span> <span class='ocrx_word' id='word_1_97' title='bbox 455 1080 637 1116; x_wconf 78' lang='lat' dir='ltr'>maxime.</span> <span class='ocrx_word' id='word_1_98' title='bbox 669 1082 902 1118; x_wconf 87' lang='lat' dir='ltr'>emnnerauit</span> <span class='ocrx_word' id='word_1_99' title='bbox 932 1080 1095 1128; x_wconf 60' lang='lat' dir='ltr'>Ennius,</span> <span class='ocrx_word' id='word_1_100' title='bbox 1129 1094 1203 1118; x_wconf 91' lang='lat' dir='ltr'>non</span> <span class='ocrx_word' id='word_1_101' title='bbox 1236 1082 1456 1131; x_wconf 79' lang='lat' dir='ltr'>explauauit</span> <span class='ocrx_word' id='word_1_102' title='bbox 1491 1090 1553 1121; x_wconf 90' lang='lat' dir='ltr'>aut</span> 
     </span>
     <span class='ocr_line' id='line_1_13' title="bbox 83 1149 1551 1201; baseline 0.002 -13"><span class='ocrx_word' id='word_1_103' title='bbox 83 1150 218 1188; x_wconf 81' lang='lat' dir='ltr'>eolore</span> <span class='ocrx_word' id='word_1_104' title='bbox 246 1149 408 1199; x_wconf 88' lang='lat' dir='ltr'>quodam</span> <span class='ocrx_word' id='word_1_105' title='bbox 442 1150 598 1198; x_wconf 71' lang='lat' dir='ltr'>poetico</span> <span class='ocrx_word' id='word_1_106' title='bbox 631 1162 761 1199; x_wconf 90' lang='lat' dir='ltr'>parum</span> <span class='ocrx_word' id='word_1_107' title='bbox 793 1157 939 1198; x_wconf 83' lang='lat' dir='ltr'>gratam</span> <span class='ocrx_word' id='word_1_108' title='bbox 979 1152 1088 1201; x_wconf 71' lang='lat' dir='ltr'>poesi</span> <span class='ocrx_word' id='word_1_109' title='bbox 1126 1153 1323 1189; x_wconf 74' lang='lat' dir='ltr'>materiem</span> <span class='ocrx_word' id='word_1_110' title='bbox 1364 1153 1551 1191; x_wconf 70' lang='lat' dir='ltr'>‹tistinxnz</span> 
     </span>
     <span class='ocr_line' id='line_1_14' title="bbox 81 1219 1551 1273; baseline 0.002 -15"><span class='ocrx_word' id='word_1_111' title='bbox 81 1220 269 1271; x_wconf 87' lang='lat' dir='ltr'>siquidem</span> <span class='ocrx_word' id='word_1_112' title='bbox 306 1219 425 1257; x_wconf 89' lang='lat' dir='ltr'>tenuit</span> <span class='ocrx_word' id='word_1_113' title='bbox 458 1220 491 1256; x_wconf 90' lang='lat' dir='ltr'>iu</span> <span class='ocrx_word' id='word_1_114' title='bbox 525 1220 679 1257; x_wconf 84' lang='lat' dir='ltr'>relieuis</span> <span class='ocrx_word' id='word_1_115' title='bbox 709 1232 866 1265; x_wconf 61' lang='lat' dir='ltr'>morenn</span> <span class='ocrx_word' id='word_1_116' title='bbox 902 1234 1012 1271; x_wconf 84' lang='lat' dir='ltr'>quem</span> <span class='ocrx_word' id='word_1_117' title='bbox 1045 1224 1275 1271; x_wconf 71' lang='lat' dir='ltr'>superstites</span> <span class='ocrx_word' id='word_1_118' title='bbox 1309 1235 1356 1259; x_wconf 86' lang='lat' dir='ltr'>ex</span> <span class='ocrx_word' id='word_1_119' title='bbox 1385 1223 1457 1261; x_wconf 83' lang='grc' dir='ltr'>11οο</span> <span class='ocrx_word' id='word_1_120' title='bbox 1484 1236 1551 1273; x_wconf 71' lang='lat' dir='ltr'>ge-</span> 
     </span>
     <span class='ocr_line' id='line_1_15' title="bbox 82 1290 1551 1342; baseline -0.001 -13"><span class='ocrx_word' id='word_1_121' title='bbox 82 1304 175 1329; x_wconf 85' lang='lat' dir='ltr'>nere</span> <span class='ocrx_word' id='word_1_122' title='bbox 207 1303 341 1328; x_wconf 87' lang='lat' dir='ltr'>uersus</span> <span class='ocrx_word' id='word_1_123' title='bbox 372 1290 437 1339; x_wconf 90' lang='lat' dir='ltr'>(ll.</span> <span class='ocrx_word' id='word_1_124' title='bbox 472 1291 545 1341; x_wconf 88' lang='lat' dir='ltr'>Ill)</span> <span class='ocrx_word' id='word_1_125' title='bbox 587 1292 804 1329; x_wconf 81' lang='lat' dir='ltr'>ostendunt.</span> <span class='ocrx_word' id='word_1_126' title='bbox 867 1292 951 1338; x_wconf 86' lang='lat' dir='ltr'>Quo</span> <span class='ocrx_word' id='word_1_127' title='bbox 986 1291 1195 1330; x_wconf 79' lang='lat' dir='ltr'>liberalius.</span> <span class='ocrx_word' id='word_1_128' title='bbox 1228 1299 1332 1342; x_wconf 72' lang='lat' dir='ltr'>puto7</span> <span class='ocrx_word' id='word_1_129' title='bbox 1367 1307 1412 1331; x_wconf 90' lang='lat' dir='ltr'>ne</span> <span class='ocrx_word' id='word_1_130' title='bbox 1445 1295 1551 1331; x_wconf 60' lang='lat' dir='ltr'>nimis</span> 
     </span>
     <span class='ocr_line' id='line_1_16' title="bbox 81 1360 1553 1412; baseline 0.002 -13"><span class='ocrx_word' id='word_1_131' title='bbox 81 1374 198 1412; x_wconf 80' lang='lat' dir='ltr'>parce</span> <span class='ocrx_word' id='word_1_132' title='bbox 235 1360 431 1398; x_wconf 87' lang='lat' dir='ltr'>uideretur</span> <span class='ocrx_word' id='word_1_133' title='bbox 490 1361 633 1399; x_wconf 87' lang='lat' dir='ltr'>Numae</span> <span class='ocrx_word' id='word_1_134' title='bbox 674 1363 892 1399; x_wconf 86' lang='lat' dir='ltr'>memoriam</span> <span class='ocrx_word' id='word_1_135' title='bbox 935 1368 1142 1409; x_wconf 66' lang='lat' dir='ltr'>tractasse,</span> <span class='ocrx_word' id='word_1_136' title='bbox 1184 1362 1351 1411; x_wconf 74' lang='lat' dir='ltr'>Egeriae</span> <span class='ocrx_word' id='word_1_137' title='bbox 1391 1365 1553 1402; x_wconf 85' lang='lat' dir='ltr'>fabulam</span> 
     </span>
     <span class='ocr_line' id='line_1_17' title="bbox 82 1431 1551 1481; baseline 0.002 -12"><span class='ocrx_word' id='word_1_138' title='bbox 82 1431 298 1469; x_wconf 83' lang='lat' dir='ltr'>contexuit:</span> <span class='ocrx_word' id='word_1_139' title='bbox 343 1443 567 1481; x_wconf 87' lang='lat' dir='ltr'>quamquam</span> <span class='ocrx_word' id='word_1_140' title='bbox 609 1445 703 1470; x_wconf 84' lang='lat' dir='ltr'>unus</span> <span class='ocrx_word' id='word_1_141' title='bbox 747 1438 886 1473; x_wconf 87' lang='lat' dir='ltr'>tantum</span> <span class='ocrx_word' id='word_1_142' title='bbox 927 1438 961 1469; x_wconf 87' lang='lat' dir='ltr'>et</span> <span class='ocrx_word' id='word_1_143' title='bbox 999 1433 1060 1481; x_wconf 89' lang='lat' dir='ltr'>qui</span> <span class='ocrx_word' id='word_1_144' title='bbox 1099 1433 1160 1469; x_wconf 77' lang='lat' dir='ltr'>uix</span> <span class='ocrx_word' id='word_1_145' title='bbox 1200 1435 1458 1471; x_wconf 69' lang='lat' dir='ltr'>coniecturam</span> <span class='ocrx_word' id='word_1_146' title='bbox 1505 1435 1551 1472; x_wconf 87' lang='lat' dir='ltr'>de</span> 
     </span>
     <span class='ocr_line' id='line_1_18' title="bbox 82 1502 1553 1554; baseline 0.003 -15"><span class='ocrx_word' id='word_1_147' title='bbox 82 1502 190 1540; x_wconf 87' lang='lat' dir='ltr'>Ennii</span> <span class='ocrx_word' id='word_1_148' title='bbox 222 1502 439 1539; x_wconf 85' lang='lat' dir='ltr'>narratione</span> <span class='ocrx_word' id='word_1_149' title='bbox 476 1502 653 1540; x_wconf 82' lang='lat' dir='ltr'>coneedit</span> <span class='ocrx_word' id='word_1_150' title='bbox 688 1503 848 1549; x_wconf 77' lang='lat' dir='ltr'>elegans</span> <span class='ocrx_word' id='word_1_151' title='bbox 875 1502 1091 1540; x_wconf 83' lang='lat' dir='ltr'>uersiculus</span> <span class='ocrx_word' id='word_1_152' title='bbox 1124 1509 1243 1541; x_wconf 89' lang='lat' dir='ltr'>restat</span> <span class='ocrx_word' id='word_1_153' title='bbox 1274 1509 1336 1542; x_wconf 75' lang='lat' dir='ltr'>olli</span> <span class='ocrx_word' id='word_1_154' title='bbox 1368 1509 1553 1554; x_wconf 65' lang='lat' dir='ltr'>res-pondi!</span> 
     </span>
     <span class='ocr_line' id='line_1_19' title="bbox 80 1572 622 1623; baseline -0.007 -11"><span class='ocrx_word' id='word_1_155' title='bbox 80 1578 206 1612; x_wconf 77' lang='lat' dir='ltr'>suaw&#39;s</span> <span class='ocrx_word' id='word_1_156' title='bbox 234 1586 344 1611; x_wconf 74' lang='lat' dir='ltr'>scmus</span> <span class='ocrx_word' id='word_1_157' title='bbox 374 1576 526 1622; x_wconf 68' lang='lat' dir='ltr'>Egyere&#39;ai</span> <span class='ocrx_word' id='word_1_158' title='bbox 552 1572 622 1623; x_wconf 86' lang='grc' dir='ltr'>(Ι).</span> 
     </span>
    </p>

    <p class='ocr_par' dir='ltr' id='par_1_5' title="bbox 81 1642 1553 2815">
     <span class='ocr_line' id='line_1_20' title="bbox 194 1642 1551 1696; baseline 0.003 -17"><span class='ocrx_word' id='word_1_159' title='bbox 194 1643 278 1680; x_wconf 92' lang='lat' dir='ltr'>Non</span> <span class='ocrx_word' id='word_1_160' title='bbox 302 1643 431 1689; x_wconf 73' lang='lat' dir='ltr'>multa,</span> <span class='ocrx_word' id='word_1_161' title='bbox 457 1642 522 1679; x_wconf 86' lang='lat' dir='ltr'>sed</span> <span class='ocrx_word' id='word_1_162' title='bbox 548 1647 672 1679; x_wconf 87' lang='lat' dir='ltr'>tamen</span> <span class='ocrx_word' id='word_1_163' title='bbox 699 1642 812 1691; x_wconf 89' lang='lat' dir='ltr'>paulo</span> <span class='ocrx_word' id='word_1_164' title='bbox 837 1642 945 1691; x_wconf 87' lang='lat' dir='ltr'>plura</span> <span class='ocrx_word' id='word_1_165' title='bbox 970 1642 1017 1679; x_wconf 90' lang='lat' dir='ltr'>de</span> <span class='ocrx_word' id='word_1_166' title='bbox 1040 1642 1168 1680; x_wconf 80' lang='lat' dir='ltr'>Tulli</span> <span class='ocrx_word' id='word_1_167' title='bbox 1190 1643 1398 1682; x_wconf 80' lang='lat' dir='ltr'>Hostilii</span> <span class='ocrx_word' id='word_1_168' title='bbox 1431 1659 1551 1696; x_wconf 73' lang='lat' dir='ltr'>reguo</span> 
     </span>
     <span class='ocr_line' id='line_1_21' title="bbox 83 1712 1549 1764; baseline 0.001 -13"><span class='ocrx_word' id='word_1_169' title='bbox 83 1715 128 1751; x_wconf 90' lang='lat' dir='ltr'>ad</span> <span class='ocrx_word' id='word_1_170' title='bbox 160 1725 229 1750; x_wconf 88' lang='lat' dir='ltr'>nos</span> <span class='ocrx_word' id='word_1_171' title='bbox 262 1717 543 1762; x_wconf 63' lang='lat' dir='ltr'>peruenerunt,</span> <span class='ocrx_word' id='word_1_172' title='bbox 574 1722 732 1761; x_wconf 84' lang='lat' dir='ltr'>quorum</span> <span class='ocrx_word' id='word_1_173' title='bbox 767 1712 953 1761; x_wconf 85' lang='lat' dir='ltr'>pleraque</span> <span class='ocrx_word' id='word_1_174' title='bbox 986 1712 1228 1762; x_wconf 24' lang='lat' dir='ltr'>(vlffxlll)</span> <span class='ocrx_word' id='word_1_175' title='bbox 1256 1714 1300 1751; x_wconf 90' lang='lat' dir='ltr'>ad</span> <span class='ocrx_word' id='word_1_176' title='bbox 1330 1716 1549 1764; x_wconf 71' lang='lat' dir='ltr'>trigemino-</span> 
     </span>
     <span class='ocr_line' id='line_1_22' title="bbox 82 1782 1548 1833; baseline 0.001 -11"><span class='ocrx_word' id='word_1_177' title='bbox 82 1797 162 1822; x_wconf 89' lang='lat' dir='ltr'>rum</span> <span class='ocrx_word' id='word_1_178' title='bbox 185 1783 389 1822; x_wconf 81' lang='lat' dir='ltr'>eertamina</span> <span class='ocrx_word' id='word_1_179' title='bbox 413 1782 617 1831; x_wconf 66' lang='lat' dir='ltr'>pertinent,</span> <span class='ocrx_word' id='word_1_180' title='bbox 651 1794 771 1831; x_wconf 68' lang='lat' dir='ltr'>pziuca</span> <span class='ocrx_word' id='word_1_181' title='bbox 795 1783 839 1820; x_wconf 89' lang='lat' dir='ltr'>ad</span> <span class='ocrx_word' id='word_1_182' title='bbox 868 1782 1007 1819; x_wconf 83' lang='lat' dir='ltr'>Ful&#39;etii</span> <span class='ocrx_word' id='word_1_183' title='bbox 1028 1783 1140 1820; x_wconf 85' lang='lat' dir='ltr'>dolos</span> <span class='ocrx_word' id='word_1_184' title='bbox 1172 1796 1216 1821; x_wconf 85' lang='lat' dir='ltr'>ae</span> <span class='ocrx_word' id='word_1_185' title='bbox 1243 1796 1403 1833; x_wconf 87' lang='lat' dir='ltr'>poenam</span> <span class='ocrx_word' id='word_1_186' title='bbox 1427 1786 1548 1832; x_wconf 83' lang='lat' dir='ltr'>(XIV.</span> 
     </span>
     <span class='ocr_line' id='line_1_23' title="bbox 83 1851 1550 1903; baseline 0.001 -11"><span class='ocrx_word' id='word_1_187' title='bbox 83 1855 163 1892; x_wconf 91' lang='lat' dir='ltr'>XV.</span> <span class='ocrx_word' id='word_1_188' title='bbox 197 1852 297 1891; x_wconf 85' lang='lat' dir='ltr'><strong>XVI.</strong></span> <span class='ocrx_word' id='word_1_189' title='bbox 328 1851 469 1902; x_wconf 85' lang='lat' dir='ltr'>XVII).</span> <span class='ocrx_word' id='word_1_190' title='bbox 533 1852 589 1889; x_wconf 84' lang='lat' dir='ltr'>Ae</span> <span class='ocrx_word' id='word_1_191' title='bbox 622 1851 761 1890; x_wconf 84' lang='lat' dir='ltr'>Ful&#39;etii</span> <span class='ocrx_word' id='word_1_192' title='bbox 801 1865 936 1891; x_wconf 87' lang='lat' dir='ltr'>nomen</span> <span class='ocrx_word' id='word_1_193' title='bbox 971 1852 1045 1903; x_wconf 76' lang='lat' dir='ltr'>(V)</span> <span class='ocrx_word' id='word_1_194' title='bbox 1080 1855 1181 1903; x_wconf 84' lang='lat' dir='ltr'>quod</span> <span class='ocrx_word' id='word_1_195' title='bbox 1215 1855 1346 1892; x_wconf 88' lang='lat' dir='ltr'>borum</span> <span class='ocrx_word' id='word_1_196' title='bbox 1376 1869 1550 1894; x_wconf 90' lang='lat' dir='ltr'>uersuum</span> 
     </span>
     <span class='ocr_line' id='line_1_24' title="bbox 82 1922 1550 1973; baseline 0.001 -10"><span class='ocrx_word' id='word_1_197' title='bbox 82 1937 219 1973; x_wconf 71' lang='lat' dir='ltr'>agmen</span> <span class='ocrx_word' id='word_1_198' title='bbox 254 1923 397 1960; x_wconf 84' lang='lat' dir='ltr'>ducere</span> <span class='ocrx_word' id='word_1_199' title='bbox 431 1922 544 1970; x_wconf 68' lang='lat' dir='ltr'>iussi7</span> <span class='ocrx_word' id='word_1_200' title='bbox 578 1923 699 1972; x_wconf 86' lang='lat' dir='ltr'>potuit</span> <span class='ocrx_word' id='word_1_201' title='bbox 740 1922 805 1960; x_wconf 90' lang='lat' dir='ltr'>ille</span> <span class='ocrx_word' id='word_1_202' title='bbox 844 1924 918 1960; x_wconf 80' lang='lat' dir='ltr'>dux</span> <span class='ocrx_word' id='word_1_203' title='bbox 957 1925 1068 1961; x_wconf 76' lang='lat' dir='ltr'>etiam</span> <span class='ocrx_word' id='word_1_204' title='bbox 1111 1924 1198 1962; x_wconf 88' lang='lat' dir='ltr'>alibi</span> <span class='ocrx_word' id='word_1_205' title='bbox 1238 1926 1441 1973; x_wconf 65' lang='lat' dir='ltr'>umninari7</span> <span class='ocrx_word' id='word_1_206' title='bbox 1483 1928 1550 1964; x_wconf 85' lang='lat' dir='ltr'>sed</span> 
     </span>
     <span class='ocr_line' id='line_1_25' title="bbox 82 1992 1549 2045; baseline 0.001 -12"><span class='ocrx_word' id='word_1_207' title='bbox 82 2008 164 2033; x_wconf 86' lang='lat' dir='ltr'>eum</span> <span class='ocrx_word' id='word_1_208' title='bbox 189 1995 331 2031; x_wconf 85' lang='lat' dir='ltr'>incerta</span> <span class='ocrx_word' id='word_1_209' title='bbox 364 1993 478 2030; x_wconf 85' lang='lat' dir='ltr'>sedes</span> <span class='ocrx_word' id='word_1_210' title='bbox 504 1993 565 2037; x_wconf 65' lang='lat' dir='ltr'>sit„</span> <span class='ocrx_word' id='word_1_211' title='bbox 598 1992 711 2030; x_wconf 92' lang='lat' dir='ltr'>malui</span> <span class='ocrx_word' id='word_1_212' title='bbox 739 1994 890 2043; x_wconf 87' lang='lat' dir='ltr'>plenum</span> <span class='ocrx_word' id='word_1_213' title='bbox 924 2007 1059 2031; x_wconf 87' lang='lat' dir='ltr'>nomen</span> <span class='ocrx_word' id='word_1_214' title='bbox 1093 1996 1127 2031; x_wconf 90' lang='lat' dir='ltr'>in</span> <span class='ocrx_word' id='word_1_215' title='bbox 1152 1997 1339 2045; x_wconf 80' lang='lat' dir='ltr'>principio</span> <span class='ocrx_word' id='word_1_216' title='bbox 1369 1998 1549 2034; x_wconf 86' lang='lat' dir='ltr'>narratio-</span> 
     </span>
     <span class='ocr_line' id='line_1_26' title="bbox 81 2063 1551 2115; baseline 0.001 -13"><span class='ocrx_word' id='word_1_217' title='bbox 81 2066 137 2102; x_wconf 87' lang='lat' dir='ltr'>nis</span> <span class='ocrx_word' id='word_1_218' title='bbox 181 2064 331 2114; x_wconf 86' lang='lat' dir='ltr'>adponi.</span> <span class='ocrx_word' id='word_1_219' title='bbox 394 2063 452 2100; x_wconf 88' lang='lat' dir='ltr'>De</span> <span class='ocrx_word' id='word_1_220' title='bbox 501 2063 734 2111; x_wconf 82' lang='lat' dir='ltr'>singulorum</span> <span class='ocrx_word' id='word_1_221' title='bbox 782 2065 1013 2113; x_wconf 79' lang='lat' dir='ltr'>certamine7</span> <span class='ocrx_word' id='word_1_222' title='bbox 1057 2078 1102 2102; x_wconf 86' lang='lat' dir='ltr'>ne</span> <span class='ocrx_word' id='word_1_223' title='bbox 1155 2072 1315 2115; x_wconf 87' lang='lat' dir='ltr'>pereant</span> <span class='ocrx_word' id='word_1_224' title='bbox 1362 2066 1551 2115; x_wconf 62' lang='lat' dir='ltr'>legiones,</span> 
     </span>
     <span class='ocr_line' id='line_1_27' title="bbox 82 2133 1551 2187; baseline 0.002 -15"><span class='ocrx_word' id='word_1_225' title='bbox 82 2134 228 2172; x_wconf 84' lang='lat' dir='ltr'>Merula</span> <span class='ocrx_word' id='word_1_226' title='bbox 261 2133 351 2170; x_wconf 88' lang='lat' dir='ltr'>uidit</span> <span class='ocrx_word' id='word_1_227' title='bbox 383 2133 591 2171; x_wconf 88' lang='lat' dir='ltr'>deliberari</span> <span class='ocrx_word' id='word_1_228' title='bbox 621 2134 665 2171; x_wconf 87' lang='lat' dir='ltr'>sr.</span> <span class='ocrx_word' id='word_1_229' title='bbox 699 2134 762 2171; x_wconf 79' lang='lat' dir='ltr'>vl.</span> <span class='ocrx_word' id='word_1_230' title='bbox 824 2135 995 2183; x_wconf 63' lang='lat' dir='ltr'>lloratiQ</span> <span class='ocrx_word' id='word_1_231' title='bbox 1030 2136 1064 2173; x_wconf 90' lang='lat' dir='ltr'>ei</span> <span class='ocrx_word' id='word_1_232' title='bbox 1091 2137 1153 2185; x_wconf 91' lang='lat' dir='ltr'>qui</span> <span class='ocrx_word' id='word_1_233' title='bbox 1186 2137 1383 2174; x_wconf 84' lang='lat' dir='ltr'>uictoriam</span> <span class='ocrx_word' id='word_1_234' title='bbox 1417 2150 1551 2187; x_wconf 89' lang='lat' dir='ltr'>repor-</span> 
     </span>
     <span class='ocr_line' id='line_1_28' title="bbox 82 2203 1552 2257; baseline 0.003 -15"><span class='ocrx_word' id='word_1_235' title='bbox 82 2210 148 2253; x_wconf 71' lang='lat' dir='ltr'>tat⁷</span> <span class='ocrx_word' id='word_1_236' title='bbox 181 2204 313 2241; x_wconf 86' lang='lat' dir='ltr'>relicui</span> <span class='ocrx_word' id='word_1_237' title='bbox 345 2209 493 2253; x_wconf 87' lang='lat' dir='ltr'>septem</span> <span class='ocrx_word' id='word_1_238' title='bbox 524 2203 637 2241; x_wconf 84' lang='lat' dir='ltr'>dicati</span> <span class='ocrx_word' id='word_1_239' title='bbox 668 2211 752 2242; x_wconf 83' lang='lat' dir='ltr'>sunt</span> <span class='ocrx_word' id='word_1_240' title='bbox 785 2206 922 2253; x_wconf 76' lang='lat' dir='ltr'>singuli</span> <span class='ocrx_word' id='word_1_241' title='bbox 947 2219 1095 2255; x_wconf 46' lang='lat' dir='ltr'>uersus:</span> <span class='ocrx_word' id='word_1_242' title='bbox 1130 2219 1289 2257; x_wconf 83' lang='lat' dir='ltr'>quorum</span> <span class='ocrx_word' id='word_1_243' title='bbox 1321 2220 1459 2245; x_wconf 82' lang='lat' dir='ltr'>nexum</span> <span class='ocrx_word' id='word_1_244' title='bbox 1508 2221 1552 2246; x_wconf 85' lang='lat' dir='ltr'>ae</span> 
     </span>
     <span class='ocr_line' id='line_1_29' title="bbox 83 2273 1553 2316; baseline 0.003 -4"><span class='ocrx_word' id='word_1_245' title='bbox 83 2287 235 2312; x_wconf 84' lang='lat' dir='ltr'>sensum</span> <span class='ocrx_word' id='word_1_246' title='bbox 268 2273 566 2310; x_wconf 85' lang='lat' dir='ltr'>memorabiliter</span> <span class='ocrx_word' id='word_1_247' title='bbox 595 2274 764 2312; x_wconf 85' lang='lat' dir='ltr'>editores</span> <span class='ocrx_word' id='word_1_248' title='bbox 797 2276 1007 2313; x_wconf 86' lang='lat' dir='ltr'>ordinando</span> <span class='ocrx_word' id='word_1_249' title='bbox 1037 2277 1359 2315; x_wconf 81' lang='lat' dir='ltr'>disturbauerunt.</span> <span class='ocrx_word' id='word_1_250' title='bbox 1410 2278 1457 2316; x_wconf 88' lang='lat' dir='ltr'>Et</span> <span class='ocrx_word' id='word_1_251' title='bbox 1484 2278 1553 2316; x_wconf 80' lang='lat' dir='ltr'>Vll</span> 
     </span>
     <span class='ocr_line' id='line_1_30' title="bbox 83 2344 1553 2395; baseline 0.002 -13"><span class='ocrx_word' id='word_1_252' title='bbox 83 2345 233 2395; x_wconf 85' lang='lat' dir='ltr'>quidem</span> <span class='ocrx_word' id='word_1_253' title='bbox 265 2344 480 2391; x_wconf 78' lang='lat' dir='ltr'>fragmento</span> <span class='ocrx_word' id='word_1_254' title='bbox 511 2344 687 2381; x_wconf 85' lang='lat' dir='ltr'>lloratius</span> <span class='ocrx_word' id='word_1_255' title='bbox 719 2345 868 2382; x_wconf 88' lang='lat' dir='ltr'>uidetur</span> <span class='ocrx_word' id='word_1_256' title='bbox 900 2358 1042 2393; x_wconf 58' lang='lat' dir='ltr'>euram7</span> <span class='ocrx_word' id='word_1_257' title='bbox 1076 2359 1159 2383; x_wconf 91' lang='lat' dir='ltr'>num</span> <span class='ocrx_word' id='word_1_258' title='bbox 1193 2360 1285 2384; x_wconf 74' lang='lat' dir='ltr'>imus</span> <span class='ocrx_word' id='word_1_259' title='bbox 1323 2349 1553 2386; x_wconf 84' lang='lat' dir='ltr'>aduersariis</span> 
     </span>
     <span class='ocr_line' id='line_1_31' title="bbox 84 2414 1550 2466; baseline 0.001 -14"><span class='ocrx_word' id='word_1_260' title='bbox 84 2415 203 2452; x_wconf 89' lang='lat' dir='ltr'>tribus</span> <span class='ocrx_word' id='word_1_261' title='bbox 258 2425 416 2463; x_wconf 82' lang='lat' dir='ltr'>compar</span> <span class='ocrx_word' id='word_1_262' title='bbox 473 2419 575 2450; x_wconf 74' lang='lat' dir='ltr'>esset</span> <span class='ocrx_word' id='word_1_263' title='bbox 628 2414 799 2460; x_wconf 58' lang='lat' dir='ltr'>futurus,</span> <span class='ocrx_word' id='word_1_264' title='bbox 847 2415 1078 2463; x_wconf 64' lang='lat' dir='ltr'>significare.</span> <span class='ocrx_word' id='word_1_265' title='bbox 1156 2416 1260 2466; x_wconf 75' lang='lat' dir='ltr'>Fuga</span> <span class='ocrx_word' id='word_1_266' title='bbox 1281 2447 1289 2463; x_wconf 36' lang='lat'>7</span> <span class='ocrx_word' id='word_1_267' title='bbox 1343 2429 1453 2466; x_wconf 85' lang='lat' dir='ltr'>quam</span> <span class='ocrx_word' id='word_1_268' title='bbox 1502 2418 1550 2453; x_wconf 85' lang='lat' dir='ltr'>si—</span> 
     </span>
     <span class='ocr_line' id='line_1_32' title="bbox 83 2483 1550 2535; baseline 0.001 -14"><span class='ocrx_word' id='word_1_269' title='bbox 83 2485 211 2532; x_wconf 61' lang='lat' dir='ltr'>mulat,</span> <span class='ocrx_word' id='word_1_270' title='bbox 245 2496 393 2521; x_wconf 89' lang='lat' dir='ltr'>omnem</span> <span class='ocrx_word' id='word_1_271' title='bbox 424 2496 531 2533; x_wconf 84' lang='lat' dir='ltr'>spem</span> <span class='ocrx_word' id='word_1_272' title='bbox 565 2483 818 2520; x_wconf 85' lang='lat' dir='ltr'>Romanorum</span> <span class='ocrx_word' id='word_1_273' title='bbox 847 2486 983 2521; x_wconf 84' lang='lat' dir='ltr'>euertit</span> <span class='ocrx_word' id='word_1_274' title='bbox 1025 2485 1168 2535; x_wconf 68' lang='lat' dir='ltr'>(vlll).</span> <span class='ocrx_word' id='word_1_275' title='bbox 1232 2486 1422 2523; x_wconf 87' lang='lat' dir='ltr'>Romanas</span> <span class='ocrx_word' id='word_1_276' title='bbox 1455 2488 1550 2523; x_wconf 89' lang='lat' dir='ltr'>enim</span> 
     </span>
     <span class='ocr_line' id='line_1_33' title="bbox 85 2553 1550 2605; baseline 0.001 -14"><span class='ocrx_word' id='word_1_277' title='bbox 85 2554 249 2603; x_wconf 74' lang='lat' dir='ltr'>‘speres&#39;</span> <span class='ocrx_word' id='word_1_278' title='bbox 284 2558 398 2603; x_wconf 72' lang='lat' dir='ltr'>poeta</span> <span class='ocrx_word' id='word_1_279' title='bbox 433 2554 612 2590; x_wconf 64' lang='lat' dir='ltr'>‘mustias&#39;</span> <span class='ocrx_word' id='word_1_280' title='bbox 637 2553 729 2590; x_wconf 83' lang='lat' dir='ltr'>dixit</span> <span class='ocrx_word' id='word_1_281' title='bbox 755 2566 819 2591; x_wconf 86' lang='lat' dir='ltr'>usu</span> <span class='ocrx_word' id='word_1_282' title='bbox 844 2554 995 2591; x_wconf 87' lang='lat' dir='ltr'>Latino:</span> <span class='ocrx_word' id='word_1_283' title='bbox 1029 2566 1073 2591; x_wconf 84' lang='lat' dir='ltr'>ae</span> <span class='ocrx_word' id='word_1_284' title='bbox 1097 2557 1297 2603; x_wconf 70' lang='lat' dir='ltr'>sententia,</span> <span class='ocrx_word' id='word_1_285' title='bbox 1328 2568 1425 2605; x_wconf 83' lang='lat' dir='ltr'>quae</span> <span class='ocrx_word' id='word_1_286' title='bbox 1452 2556 1550 2593; x_wconf 81' lang='lat' dir='ltr'>(lesi-</span> 
     </span>
     <span class='ocr_line' id='line_1_34' title="bbox 84 2623 1551 2673; baseline 0.001 -12"><span class='ocrx_word' id='word_1_287' title='bbox 84 2623 214 2661; x_wconf 84' lang='lat' dir='ltr'>derata</span> <span class='ocrx_word' id='word_1_288' title='bbox 246 2623 364 2671; x_wconf 79' lang='lat' dir='ltr'>uulgo</span> <span class='ocrx_word' id='word_1_289' title='bbox 404 2623 710 2673; x_wconf 77' lang='lat' dir='ltr'>interpunctione</span> <span class='ocrx_word' id='word_1_290' title='bbox 743 2623 1035 2670; x_wconf 64' lang='lat' dir='ltr'>obscurabatur,</span> <span class='ocrx_word' id='word_1_291' title='bbox 1069 2625 1272 2672; x_wconf 75' lang='lat' dir='ltr'>potuitne!</span> <span class='ocrx_word' id='word_1_292' title='bbox 1300 2633 1465 2663; x_wconf 77' lang='lat' dir='ltr'>euerlens</span> <span class='ocrx_word' id='word_1_293' title='bbox 1490 2626 1551 2663; x_wconf 84' lang='lat' dir='ltr'>uel</span> 
     </span>
     <span class='ocr_line' id='line_1_35' title="bbox 85 2692 1553 2743; baseline 0.003 -14"><span class='ocrx_word' id='word_1_294' title='bbox 85 2692 195 2729; x_wconf 91' lang='lat' dir='ltr'>simili</span> <span class='ocrx_word' id='word_1_295' title='bbox 240 2694 441 2743; x_wconf 81' lang='lat' dir='ltr'>participio</span> <span class='ocrx_word' id='word_1_296' title='bbox 493 2695 715 2731; x_wconf 88' lang='lat' dir='ltr'>continuari.</span> <span class='ocrx_word' id='word_1_297' title='bbox 790 2693 938 2730; x_wconf 87' lang='lat' dir='ltr'>Deinde</span> <span class='ocrx_word' id='word_1_298' title='bbox 987 2694 1046 2730; x_wconf 77' lang='grc'><strong>11111</strong></span> <span class='ocrx_word' id='word_1_299' title='bbox 1079 2692 1331 2732; x_wconf 88' lang='lat' dir='ltr'>Curiatiorum</span> <span class='ocrx_word' id='word_1_300' title='bbox 1371 2696 1553 2733; x_wconf 83' lang='lat' dir='ltr'>minitanti</span> 
     </span>
     <span class='ocr_line' id='line_1_36' title="bbox 86 2763 1551 2815; baseline 0.002 -16"><span class='ocrx_word' id='word_1_301' title='bbox 86 2764 254 2800; x_wconf 80' lang='lat' dir='ltr'>occurrit</span> <span class='ocrx_word' id='word_1_302' title='bbox 286 2763 379 2813; x_wconf 83' lang='lat' dir='ltr'>(lx)</span> <span class='ocrx_word' id='word_1_303' title='bbox 411 2776 531 2813; x_wconf 87' lang='lat' dir='ltr'>seque</span> <span class='ocrx_word' id='word_1_304' title='bbox 568 2764 721 2801; x_wconf 86' lang='lat' dir='ltr'>fratrum</span> <span class='ocrx_word' id='word_1_305' title='bbox 758 2770 919 2814; x_wconf 86' lang='lat' dir='ltr'>utroque</span> <span class='ocrx_word' id='word_1_306' title='bbox 958 2770 1152 2814; x_wconf 86' lang='lat' dir='ltr'>prostrato</span> <span class='ocrx_word' id='word_1_307' title='bbox 1193 2765 1269 2815; x_wconf 87' lang='lat' dir='ltr'>(X)</span> <span class='ocrx_word' id='word_1_308' title='bbox 1310 2765 1432 2803; x_wconf 86' lang='lat' dir='ltr'>solum</span> <span class='ocrx_word' id='word_1_309' title='bbox 1472 2778 1551 2804; x_wconf 89' lang='lat' dir='ltr'>rem</span> 
     </span>
    </p>
   </div>
  </div>
 </body>
</html>
