1762 3057
623 187 627 190 -
674 158 993 204 RELIQVIAE
1519 150 1572 191 45

755 270 904 315 XXIV

113 358 241 397 300.
316 386 323 393 .
399 386 407 394 .
482 385 490 393 .
565 386 572 394 .
646 348 821 393 Poenos
847 347 1015 392 Didone
1040 348 1248 394 oriundos

678 549 888 602 LIBER
932 548 989 601 IX

835 688 852 732 Ι

234 765 456 825 [Fortuna]
490 766 612 811 uaria
639 766 796 810 ualidis
822 780 919 810 cum
946 765 1110 809 uiribus
1142 764 1316 809 luctant.

796 853 830 897 ΙΙ
850 853 869 875 *

231 929 381 974 Liuius
410 929 508 974 inde
535 930 643 974 redit
672 944 833 989 magno
866 934 1077 975 mactatus
1104 929 1333 988 triumpho.

774 1017 827 1062 III
847 1017 898 1038 *²*

234 1094 454 1153 Europam
481 1093 750 1155 Libyamque
781 1109 918 1153 rapax
950 1094 1020 1139 ubi
1048 1093 1198 1139 diuidit
1227 1094 1344 1138 unda

809 1180 871 1224 IV

157 1256 178 1281 ‘¹
195 1264 205 1281 '¹
232 1257 421 1302 Additur
445 1261 594 1303 orator
618 1256 846 1303 Cornelius
874 1256 1232 1321 suauiloquenfis

114 1332 195 1372 305
233 1323 320 1371 Ore
351 1325 545 1386 Cetegus
577 1327 749 1372 Marcus
776 1326 990 1371 Tuditano
1021 1325 1207 1385 conlega

97 1460 280 1500 uariusque
311 1459 405 1490 labor
425 1460 597 1491 mutabilis
622 1461 698 1492 aeui
717 1461 855 1493 Rettulit
882 1462 914 1491 in
936 1459 1076 1491 melius:
1113 1458 1237 1489 multos
1266 1456 1393 1488 alterna
1422 1457 1575 1488 reuiseus

99 1506 193 1537 Lusit
210 1512 241 1536 et
262 1506 294 1536 in
314 1505 425 1536 solido
444 1516 558 1537 rursus
578 1506 710 1538 fortuna
729 1507 861 1538 locauit.
893 1506 989 1547 [Aen.
1011 1506 1057 1536 XI
1076 1504 1157 1545 425]
1181 1505 1307 1535 Ennius
1327 1504 1359 1534 iu
1380 1510 1497 1535 octauo
1513 1527 1519 1533 .
1534 1528 1540 1533 .
1556 1504 1574 1533 .'

189 1551 301 1582 XXIV
328 1552 520 1582 Priscianus
540 1554 585 1583 VI
606 1563 639 1594 p.
660 1553 728 1585 685
748 1554 782 1584 P.
804 1554 835 1596 (l
860 1563 893 1595 p.
913 1552 976 1584 231
1002 1552 1060 1591 K.)
1087 1555 1094 1566 ⁶
1111 1551 1199 1590 quod
1219 1557 1328 1581 antem
1353 1551 1440 1580 lonis
1465 1557 1495 1580 et
1519 1550 1575 1580 Di-

98 1597 196 1629 donis
214 1597 416 1639 Calypsonis
435 1598 568 1636 dit-itur,
593 1599 737 1630 ostendit
762 1624 768 1630 .
787 1624 793 1630 .
811 1624 818 1630 .
833 1624 840 1630 .
869 1599 995 1630 Ennius
1014 1599 1046 1628 in
1067 1597 1144 1627 vlu
1170 1621 1176 1627 .
1194 1621 1200 1628 .
1219 1597 1246 1627 .'
1295 1596 1365 1637 (in
1393 1597 1468 1626 VIII
1494 1596 1575 1627 Eu-

99 1644 201 1674 nius
228 1644 393 1675 Halberst.
417 1644 499 1686 ch.
522 1655 565 1675 m.
585 1642 681 1686 pr.)'

143 1708 257 1739 LIBER
278 1707 325 1739 IX
375 1708 386 1738 Ι
412 1708 540 1740 Nonius
560 1710 684 1750 p.47·2.
702 1710 721 1740 7
748 1709 939 1739 ‘luctant
958 1717 1018 1750 pro
1039 1708 1215 1738 luctantur.
1250 1707 1378 1738 Ennius
1398 1706 1456 1737 lib.
1479 1705 1575 1737 Ylllt

165 1755 172 1765 ’
272 1754 298 1785 11
342 1753 482 1785 Seruius
508 1755 541 1786 in
569 1757 652 1786 Aen.
682 1755 727 1786 IX
753 1754 817 1787 641
860 1757 1007 1785 ‘mactus
1042 1760 1151 1784 autem
1188 1753 1279 1795 apud
1314 1759 1444 1783 ueteres
1475 1753 1573 1783 etiam

98 1805 311 1832 mactatus
340 1800 533 1839 dicebatur,
568 1807 604 1832 ut
631 1802 775 1832 Ennius:
803 1801 937 1832 Liuius’
970 1812 999 1831 e.
1019 1811 1050 1840 q.
1075 1810 1102 1830 s.
1150 1800 1220 1831 Huc
1250 1799 1375 1830 rettulit
1402 1798 1530 1829 Merula

145 1847 191 1877 III
217 1846 333 1878 Cicero
353 1846 452 1877 Tusc.
473 1847 562 1889 tlispi
585 1848 596 1878 I
616 1848 673 1886 20,
693 1848 738 1879 45
764 1847 906 1878 ‘etenim
926 1847 955 1877 si
975 1856 1061 1877 nuuc
1084 1846 1214 1886 aliquid
1233 1846 1367 1885 assequi
1390 1856 1425 1875 se
1445 1849 1576 1885 putant.

100 1893 157 1932 qui
184 1893 306 1923 ostium
326 1893 422 1924 Ponti
449 1893 603 1925 uiderunt
631 1899 661 1924 et
687 1903 744 1925 eas
774 1893 947 1934 angustias
965 1903 1024 1934 per
1042 1902 1125 1932 quas
1142 1892 1330 1934 penetrauit
1351 1901 1390 1922 ea
1414 1900 1499 1930 quae
1527 1896 1577 1920 est

99 1939 269 1970 nominata
290 1939 381 1980 Argo
497 1945 552 1970 aut
572 1940 596 1970 ii
617 1940 672 1980 qui
694 1940 816 1971 Oceani
835 1940 919 1970 freta
938 1939 996 1969 illa
1015 1939 1171 1969 uiderunt
1193 1939 1248 1969 Eu
1259 1937 1420 1978 ropam'
1444 1948 1472 1967 e.
1495 1947 1526 1975 q.
1547 1946 1576 1967 s.

100 1984 210 2024 ‘quod
232 1984 367 2016 tandem
385 1986 615 2026 spectaculum
635 1986 706 2017 fore
723 1986 921 2027 putamus?
968 1985 1060 2017 Idem
1079 1985 1119 2015 dt·
1139 1990 1205 2015 nat.
1230 1984 1367 2015 deorum
1390 1983 1430 2013 ΙΙΙ
1461 1982 1513 2019 10,
1533 1984 1576 2013 24

101 2031 202 2070 ‘quid
225 2030 418 2062 Chalcidico
439 2031 564 2074 Euripo
593 2031 626 2062 in
656 2038 746 2063 motu
776 2032 958 2063 identidem
987 2031 1228 2072 reciprocando
1253 2036 1351 2071 putas
1376 2028 1447 2059 steri
1476 2038 1577 2070 posse

101 2077 328 2115 constantius,
362 2077 443 2116 quid
464 2077 548 2109 freto
569 2077 760 2115 Siciliensi,
795 2077 876 2117 quid
897 2077 1021 2108 Oceani
1041 2076 1174 2108 feruore,
1192 2076 1260 2107 illis
1286 2076 1319 2106 iu
1338 2075 1420 2106 locis
1440 2075 1549 2105 Euro
1563 2094 1576 2096 -

100 2123 212 2164 pam'
241 2133 270 2156 e.
293 2133 326 2163 q.
346 2132 373 2153 S.
417 2123 524 2154 Ennio
545 2124 690 2161 Merula,
719 2124 795 2155 huic
825 2123 898 2155 sedi
926 2124 1112 2155 uindicauit
1140 2122 1354 2163 T11.Hugins
1450 2121 1494 2151 IV
1523 2120 1576 2151 Ci-

101 2178 176 2199 cero
207 2168 298 2199 Brut.
332 2167 386 2205 15,
415 2168 459 2201 58
493 2170 555 2201 ⁸M.
584 2170 758 2201 Cornelius
786 2169 972 2211 Cethegus,
1007 2170 1102 2200 cuius
1131 2168 1342 2208 eloquentiae
1372 2172 1421 2198 est
1449 2173 1575 2201 auctor,

103 2220 134 2245 et
160 2214 301 2245 idoneus
326 2214 462 2253 quidem
482 2225 556 2246 mea
580 2216 762 2254 sententia,
801 2214 839 2252 Q.
868 2215 1031 2246 Ennius
1054 2233 1099 2237 —
1125 2233 1171 2237 --
1208 2219 1257 2245 est
1282 2214 1385 2254 igitur
1410 2213 1458 2242 sic
1485 2212 1577 2253 apud

103 2260 198 2291 illum
218 2260 252 2290 in
272 2268 358 2291 nono
377 2265 412 2290 ut
432 2261 552 2301 opinor
570 2261 702 2292 annali:
731 2261 906 2292 additur
934 2286 962 2292 ..
976 2286 1003 2292 ..
1035 2260 1171 2291 filius.
1217 2260 1256 2291 Et
1274 2264 1436 2289 oratorem
1459 2257 1576 2299 appel-

104 2306 148 2337 lat
184 2311 215 2337 ot
241 2305 545 2345 suauiloquentiam
576 2307 691 2338 tribuit
821 2307 880 2337 sed
907 2312 955 2337 est
982 2317 1021 2337 ea
1051 2307 1122 2337 laus·
1152 2305 1362 2346 eloquentiae.
1389 2310 1477 2334 certe
1507 2313 1577 2333 ma-

102 2353 215 2383 xima:
252 2352 289 2383 is
313 2352 477 2383 dictust
504 2379 511 2385 .
526 2377 532 2383 .
547 2377 553 2384 .
570 2379 577 2386 .
604 2352 771 2394 populi:
806 2353 911 2393 probe
932 2361 1031 2389 ue1·o;
1058 2358 1093 2382 ut
1113 2352 1201 2383 euim
1221 2351 1368 2382 hominis
1390 2349 1575 2390 ingenium,

103 2399 152 2430 sie
178 2398 305 2440 ingenii
331 2397 440 2439 ipsius
465 2397 575 2429 lumen
604 2404 654 2430 est
680 2397 888 2437 eloquentia,
931 2407 996 2438 qua
1019 2398 1128 2428 uirum
1156 2397 1376 2428 excellentem
1404 2394 1576 2436 praeclare

159 2517 228 2553 300
256 2513 426 2560 phoenos
448 2512 564 2561 Luqd.
594 2524 711 2559 penos
734 2512 919 2547 Halberst.
942 2511 1033 2558 Rey.
1056 2510 1168 2558 Sccny.
1339 2513 1405 2547 301
1434 2510 1577 2544 fortuna

104 2583 173 2607 om.
203 2571 286 2606 libri
398 2570 501 2604 uaria
522 2570 653 2605 Bamb.
694 2569 761 2604 uiri
785 2580 805 2603 a
832 2569 944 2603 ceteri
1055 2578 1137 2601 eum
1165 2566 1202 2602 J.
1224 2566 1349 2601 Dousa
1377 2565 1480 2611 apud
1498 2565 1572 2600 Me-

104 2629 240 2667 ruzam,
280 2625 526 2671 W'alcefielslus
546 2626 598 2660 ad
615 2626 727 2661 Lucr.
749 2624 774 2659 Ι
790 2627 877 2665 288,
912 2635 981 2659 om.
1002 2623 1085 2658 libri
1197 2623 1265 2657 uiri
1291 2621 1424 2656 ualidis
1452 2632 1473 2655 a
1493 2622 1578 2656 uiri-

104 2685 173 2718 bus
210 2681 275 2716 Th.
298 2683 441 2728 Huyius
584 2684 653 2719 303
680 2681 909 2727 Lybiamque
940 2680 1031 2715 Gud.
1055 2680 1093 2714 in
1118 2678 1226 2714 Tusc.
1267 2678 1465 2723 libiatuque
1494 2677 1577 2713 Erl.

107 2739 150 2773 cl?
171 2750 209 2773 n.
232 2738 268 2776 d.
409 2742 477 2776 305
508 2737 693 2783 Cethegus
714 2737 798 2772 libri
