1762 3057
197 221 371 250 12xxxv1
735 205 1146 252 QVAESTIONES

196 325 372 362 rietatem
411 319 547 357 subeat
577 318 624 355 de
664 322 790 354 satura
828 315 1011 364 cogitatio
1051 335 1104 341 ᾔ
1134 324 1258 362 neque
1290 312 1387 349 enim
1416 311 1478 361 qui
1508 310 1673 348 indolem

197 400 349 432 saturae
379 390 574 428 Ennianae
597 388 796 437 cognorit,
828 384 1017 422 infandum
1047 381 1224 420 clamabit
1255 387 1378 419 tantae
1406 380 1528 418 laudis
1555 381 1674 417 uirum

197 465 233 501 in
264 467 390 499 satura
417 459 630 510 praedicari
653 480 706 484 ἡ
727 464 801 495 tum
833 455 983 493 adiuuat
1016 452 1265 502 suspitionem
1293 451 1531 488 coniunctum
1556 450 1675 501 quod-

200 534 283 572 dam
314 531 425 568 Nonii
459 527 738 576 Ciceronisque
771 525 1050 563 testimouium:
1085 532 1243 572 quorum
1275 520 1340 558 ille
1373 532 1471 571 quac
1506 520 1623 558 uerba
1655 532 1676 558 e

196 604 308 642 tertio
341 608 555 639 saturarum
578 598 708 635 citauit
735 603 869 634 testes
898 602 1006 633 sunt
1024 597 1132 631 Lati
1156 595 1310 640 campi
1329 604 1417 640 quos
1435 595 1530 641 gerit
1546 594 1678 640 Africa

199 681 302 712 terra
328 675 478 720 politos,
512 681 558 706 ea
590 680 610 705 e
644 666 835 705 Cicerone
866 663 1159 715 gloriabundum
1194 662 1240 699 de
1271 673 1312 698 se
1344 662 1565 712 Scipionem
1599 662 1676 700 edi-

201 743 304 781 disse
335 740 561 789 conligitur:
590 736 636 774 de
670 736 730 772 fin.
753 735 789 774 b.
826 742 863 773 et
894 748 942 772 m.
975 734 1008 772 ΙΙ
1041 733 1115 781 32,
1153 732 1229 769 106
1260 736 1379 781 itaque
1408 735 1544 770 beatior
1573 735 1676 781 Afri-

200 824 315 850 canus
345 824 423 848 cum
449 812 577 857 patria
607 810 666 844 illo
696 809 799 844 modo
828 810 976 855 loquens
1015 807 1154 842 ‘desine
1183 805 1300 840 Roma
1330 809 1409 840 tuos
1439 801 1583 840 hostis':
1620 813 1674 838 re-

199 886 366 930 licuaque
391 881 601 927 praeclare.
653 877 764 912 <Nam
798 879 857 914 libi
884 879 1102 912 munimenta
1134 877 1203 910 mei
1227 885 1411 921 peperere
1439 874 1608 910 labores?
1643 876 1680 908 et

202 951 248 988 de
280 955 375 987 orat.
408 947 460 985 III
481 946 555 995 42,
588 946 665 983 167
697 949 857 983 ornandi
883 958 995 982 eausa
1014 948 1207 992 proprium
1228 946 1386 990 proprio
1409 948 1679 980 commutatum.-

200 1023 340 1057 <desine
367 1040 414 1045 —-
446 1019 593 1057 hostis’;
625 1022 657 1053 el
687 1018 853 1053 ‘testes
879 1021 986 1052 sun!
1016 1018 1174 1062 campi
1201 1014 1379 1062 maynzss'
1430 1011 1536 1050 Haec
1558 1012 1680 1050 omnia

204 1085 344 1124 Cicero
378 1097 426 1122 ex
447 1084 569 1122 Ennio
602 1097 714 1136 quem
746 1096 821 1121 non
852 1085 1019 1122 nominat
1052 1083 1247 1122 delibauit.
1315 1083 1398 1122 Nec
1429 1083 1491 1132 qui
1521 1081 1678 1120 Cicero-

204 1168 290 1194 nem
311 1154 461 1192 nouerit
483 1162 518 1193 et
541 1168 614 1206 qua
638 1156 785 1192 ratione
815 1160 970 1192 ueteres
1004 1154 1122 1191 citare
1152 1159 1332 1191 auctores
1355 1152 1494 1201 soleat,
1526 1152 1680 1190 multum

202 1227 239 1264 in
266 1224 431 1263 leuicula
464 1236 562 1274 quae
595 1230 652 1261 est
689 1225 724 1261 in
756 1229 878 1272 campi
906 1228 1030 1272 magni
1059 1229 1095 1260 et
1128 1227 1192 1260 lati
1218 1227 1341 1271 campi
1372 1222 1570 1261 uocabulis
1607 1223 1679 1261 dis-

204 1294 398 1345 crepantia
430 1292 625 1330 haerebit:
660 1305 741 1331 cum
766 1295 992 1343 praesertim
1026 1294 1126 1331 citati
1157 1293 1203 1331 ab
1234 1293 1359 1331 Nonio
1391 1296 1530 1330 etestes
1562 1292 1614 1331 illi
1646 1293 1680 1329 in

204 1364 336 1402 Africa
366 1363 505 1412 campi’
529 1364 697 1400 nesciam
729 1374 803 1413 quo
827 1364 950 1413 aptius
984 1375 1094 1412 quam
1127 1364 1173 1402 ad
1196 1364 1418 1414 Scipionem
1449 1363 1678 1400 referantur.

204 1434 287 1482 Qua
322 1445 362 1470 re
404 1445 487 1470 cum
527 1433 677 1470 tertium
713 1440 924 1471 saturarum
959 1433 1093 1471 librum
1125 1435 1195 1472 iam
1232 1445 1307 1471 non
1340 1432 1456 1471 liceat
1487 1431 1681 1482 Scipionis

207 1503 383 1542 laudibus
409 1502 653 1549 defraudare,
688 1502 833 1552 quidni
866 1504 988 1541 eidem
1020 1510 1097 1541 tres
1129 1517 1149 1542 e
1173 1505 1357 1554 Scipione
1390 1515 1487 1553 quae
1520 1503 1682 1540 citantur

205 1573 388 1623 reliquias
421 1569 687 1610 ascribamus?
734 1570 849 1610 Cuius
882 1580 1034 1611 saturae
1069 1587 1144 1624 ego
1177 1575 1274 1612 hanc
1305 1573 1391 1612 mihi
1423 1572 1594 1622 speciem
1629 1570 1680 1606 in-

203 1642 387 1690 formaui7
423 1648 459 1679 ut
491 1646 606 1691 poeta
639 1653 713 1678 non
753 1654 901 1680 omnem
933 1644 1127 1693 Scipionis
1160 1646 1273 1683 uitam
1312 1642 1572 1695 percurrerit,
1613 1639 1680 1677 sed

206 1712 255 1750 ob
283 1724 345 1749 res
379 1713 413 1749 in
444 1711 576 1749 Africa
605 1712 828 1750 felicissime
859 1719 990 1762 gestas
1022 1713 1246 1751 familiarem
1280 1711 1353 1750 sibi
1385 1712 1522 1750 ducem
1552 1711 1678 1760 singu-

205 1783 274 1820 lari
309 1783 474 1820 carmine
507 1788 739 1831 prosecutus
771 1785 831 1820 sit.

316 1851 449 1890 Nexus
485 1864 530 1889 ac
569 1864 705 1889 sensus
740 1852 986 1903 reliquiarum
1026 1865 1122 1903 quae
1162 1853 1207 1891 ad
1238 1853 1457 1904 Scipionem
1491 1851 1682 1901 pertinent

205 1921 290 1958 fere
323 1921 357 1957 in
389 1926 524 1970 aperto
558 1927 628 1957 est.
690 1920 743 1957 Ita
776 1921 832 1958 his
864 1922 1041 1959 uersibus
1068 1926 1223 1960 mundns
1253 1926 1346 1959 caeli
1378 1928 1502 1960 uastas
1531 1925 1683 1958 constitit

207 1993 344 2026 silentio
377 2001 409 2026 e.
445 2001 480 2038 q.
517 2002 547 2025 S.
584 1989 676 2039 (lv)
718 2002 800 2027 cum
839 1991 902 2028 alii
946 1998 1020 2029 tum
1054 1992 1223 2029 Ritterus
1265 1992 1454 2030 intellexit
1486 1993 1679 2042 Scipionis

208 2059 243 2094 in
274 2057 442 2094 Africam
474 2059 755 2107 nauigationem
783 2060 957 2110 depingi:
992 2062 1091 2099 conl.
1124 2062 1230 2099 Liuio
1262 2061 1423 2099 XXVIII
1459 2063 1503 2100 17
1528 2066 1678 2111 ipse...

203 2130 394 2176 profectus
432 2132 626 2176 tranquillo
666 2133 763 2166 mari
798 2134 995 2177 plurimum
1025 2137 1152 2173 remis,
1199 2136 1377 2170 interdum
1409 2139 1442 2169 et
1471 2136 1543 2170 leni
1576 2136 1679 2170 adiu-

207 2203 314 2234 uante
357 2204 460 2234 zcenlo
511 2203 544 2235 ῖη
591 2202 759 2247 Africam
804 2205 952 2237 traiecit.
1019 2201 1288 2250 Fragmentum
1341 2202 1502 2240 alterum
1551 2207 1681 2251 quique

199 2274 357 2315 propter
388 2269 605 2305 Hannibalis
643 2274 767 2316 copias
799 2273 1005 2308 considerat
1035 2271 1110 2321 (l)
1144 2272 1310 2309 fortasse
1344 2272 1468 2310 locum
1500 2273 1534 2309 in
1566 2272 1679 2322 adpa-

209 2342 290 2373 ratu
324 2336 461 2385 proelii
490 2337 638 2376 babuit:
680 2340 829 2376 tertium
859 2345 1003 2388 sparsis
1032 2344 1146 2379 hastis
1177 2354 1210 2379 e.
1246 2355 1281 2393 q.
1318 2355 1347 2380 s.
1383 2342 1477 2394 (VI)
1518 2355 1566 2380 ex
1593 2343 1679 2393 ipso

211 2411 399 2455 sumptum
440 2409 660 2445 certamine.
723 2409 883 2448 Relicua
915 2411 959 2449 ad
993 2411 1127 2449 laudes
1150 2412 1367 2450 referuntur
1399 2412 1446 2451 ab
1481 2413 1566 2463 ipso
1598 2413 1679 2450 Sci-

210 2476 322 2524 pione
354 2475 401 2513 de
429 2488 471 2514 se
504 2478 763 2527 praedicatas:
796 2484 917 2518 alesine
939 2484 1056 2519 Roma
1087 2489 1163 2520 tuos
1189 2485 1297 2519 hoslis
1320 2506 1375 2512 —
1397 2497 1482 2520 num
1511 2486 1572 2520 tibi
1600 2471 1678 2521 mic-

208 2550 364 2582 uimenta
400 2550 469 2584 mei
491 2559 675 2595 peperere
706 2552 849 2589 labores
884 2575 929 2578 —
967 2560 1070 2589 testes
1099 2560 1182 2589 sunt
1209 2555 1292 2589 Lati
1317 2557 1438 2601 campi
1469 2566 1557 2601 quos
1588 2558 1682 2602 yeril

207 2617 337 2662 Africa
368 2623 468 2653 terra
490 2621 622 2665 politos
654 2617 744 2668 (X).
807 2619 914 2666 Quos
942 2634 1076 2659 uersus
1108 2621 1276 2658 Ritterus
1308 2621 1331 2658 l.
1363 2621 1387 2659 l.
1422 2634 1456 2671 p.
1480 2621 1558 2660 394
1592 2635 1677 2672 per-

211 2685 408 2722 commode
449 2687 504 2723 eis
552 2687 783 2735 inlustrauit,
832 2701 929 2739 quae
968 2690 1094 2728 Liuius
1137 2689 1336 2727 XXXVIII
1375 2691 1426 2727 50
1470 2692 1674 2742 perhibuit,

212 2751 431 2802 Scipionem
461 2755 514 2804 (a.
548 2769 582 2792 u.
618 2770 649 2795 c.
676 2758 778 2808 565)
809 2770 829 2795 a
862 2758 1005 2796 Petiliis
1036 2761 1071 2797 in
1101 2761 1158 2797 ius
1189 2766 1365 2798 uocatum
1391 2766 1467 2799 sine
1499 2766 1573 2800 ulla
1603 2767 1675 2800 cri-
