1762 3057
172 598 407 644 VERSVS
432 597 613 643 PAVLI
639 597 925 643 MERVLAE
951 597 1221 643 PERFIDIA
1246 595 1583 642 PROPAGATI

249 839 439 881 Horrida
458 838 714 881 Romuleum
736 773 972 880 certariiina
996 854 1138 895 pango
1161 838 1364 880 duellum.

849 917 895 958 II
1223 973 1231 981 ο

1126 988 1256 1015 armis

249 1029 461 1071 Conditur
481 1027 597 1069 Alba
616 1034 768 1084 potens

840 1108 911 1149 ΙΠ

248 1174 439 1216 Nasceie
460 1188 569 1230 quae
594 1173 775 1229 populos
795 1180 996 1230 teiraque
1015 1174 1208 1230 marique
1232 1173 1418 1214 lacesses

249 1231 363 1271 Belli
385 1229 558 1271 turbine
579 1244 868 1294 praepropero
891 1244 1100 1272 concussa
1119 1230 1367 1271 tremiscent

253 1287 420 1329 Cuncta
440 1300 561 1327 acres
583 1300 608 1326 a
627 1292 669 1327 te
691 1286 807 1327 uires

726 1364 748 1388 ἦε
1003 1363 1026 1387 a

865 1397 887 1421 ἧς

538 1475 547 1485 .
607 1444 652 1484 in
674 1444 811 1485 Roma
833 1441 964 1482 Troia
988 1441 1149 1482 reuixti

247 1585 520 1642 Nequiquam
541 1585 734 1642 reliquae
756 1586 876 1627 carni
899 1584 1008 1626 nihil
1033 1590 1097 1626 est
1124 1584 1283 1625 animai

248 1729 397 1771 Dirius
420 1729 679 1785 supplicium
700 1728 875 1770 sceleris
897 1729 1104 1770 uiolentia
1123 1729 1274 1784 poscit.

178 1855 419 1888 FRAGMENTA
445 1855 630 1887 MERVLAE
677 1855 690 1886 Ι
716 1854 864 1886 Merulae
881 1855 1008 1887 Comm.
1029 1865 1063 1896 p.
1081 1853 1123 1886 41
1153 1854 1292 1885 ‘citatur
1312 1859 1422 1885 autem
1444 1864 1463 1885 a
1483 1853 1521 1887 L.
1540 1853 1615 1887 Cal-

136 1903 258 1944 purnio
278 1903 399 1934 Pisone
418 1902 476 1933 lib.
498 1903 511 1932 1
536 1902 577 1933 de
597 1901 802 1932 continentia
821 1907 973 1933 ueterum
993 1903 1187 1942 poetarum3
1216 1910 1280 1940 quo
1302 1900 1374 1931 loco
1397 1900 1438 1932 de
1457 1899 1615 1932 artificio-

135 1949 182 1979 sis
211 1948 345 1979 illorum
367 1949 518 1979 exordiis
643 1947 857 1988 promittit
887 1947 1024 1978 omnia
1052 1947 1101 1978 ad
1126 1956 1241 1977 suam
1270 1956 1401 1987 usque
1427 1952 1613 1978 aetatem

134 1994 307 2025 heroice
342 1995 521 2025 Ennius.
553 1993 745 2024 horrida’
781 2003 810 2026 e.
840 2003 870 2032 q.
902 2003 928 2024 s.
976 1992 1222 2024 Romuleum
1249 1992 1388 2023 Memla.
1420 1992 1613 2024 Romulei

135 2039 350 2081 Calpu1·.nius
389 2039 439 2071 Cf.
464 2041 506 2070 A.
529 2039 675 2070 Kochius
697 2039 817 2070 Exerc.
836 2049 870 2080 p.
893 2039 908 2070 l
1005 2039 1035 2069 ΙΙ
1062 2038 1147 2069 Ibid.
1171 2048 1204 2080 p
1228 2037 1320 2070 165⁶
1333 2039 1366 2069 in
1383 2038 1519 2069 Latino’
1545 2038 1611 2081 (sc.

136 2085 307 2117 Glossa1i0
325 2084 530 2126 Foinerii)‘
541 2086 590 2116 sic
609 2090 695 2116 erat:
721 2085 985 2126 almipotens
1007 2077 1324 2124 ὁπλοκράτωρ.
1363 2084 1526 2115 Ennius

138 2131 189 2163 Cf.
214 2133 254 2163 A.
278 2131 465 2163 Kochiusl.
486 2131 507 2162 l.
528 2142 562 2173 p.
584 2131 604 2163 3
700 2131 745 2161 III
772 2131 856 2162 Ibid
881 2141 914 2172 p
938 2129 1003 2162 199
1033 2131 1142 2172 ‘apud
1169 2130 1537 2180 Calp5urniumlibr01
1572 2131 1613 2162 de

136 2179 340 2209 continentia
359 2183 511 2209 ueterum
530 2179 723 2219 poetarum:
751 2176 1033 2218 apostiophe‚
1058 2177 1182 2217 inquit,
1210 2170 1404 2217 εὖκτικη
1423 2182 1485 2208 est
1511 2186 1613 2216 quo-

133 2225 248 2255 tiens
275 2234 426 2255 auersa
447 2224 527 2254 iam
550 2224 599 2255 ad
626 2223 803 2263 quaeuis
826 2224 1016 2254 oratione
1040 2224 1276 2254 miscentur
1299 2228 1397 2254 uota
1417 2223 1484 2254 uel
1504 2223 1614 2254 bona

136 2270 201 2301 uel
235 2270 355 2301 mala.
394 2270 554 2300 Ennius
583 2270 622 2300 in
653 2279 789 2311 primo
808 2269 960 2300 &rbem
988 2269 1254 2301 condendam
1283 2269 1539 2310 compellat,
1574 2274 1612 2300 et

135 2316 423 2358 compellatae
447 2316 606 2353 omnia,
635 2325 741 2355 quae
766 2315 1106 2357 magnitudinem
1134 2315 1228 2346 eius
1253 2320 1486 2353 testatum,
1514 2325 1612 2356 pre-

135 2368 254 2393 catur
283 2362 348 2393 his
375 2362 538 2393 uerbis:
572 2371 830 2393 nascere
860 2362 996 2398 uires3
1030 2365 1068 2392 et
1095 2371 1201 2401 quae
1228 2366 1394 2402 postea:
1435 2361 1612 2392 conclu-

135 2409 240 2439 dens
273 2409 314 2438 in
343 2413 551 2439 conuenta
571 2408 723 2439 Romae
749 2408 991 2449 genetrice:
1024 2407 1065 2438 in
1092 2404 1233 2438 Rdma'
1262 2418 1291 2438 e.
1314 2417 1345 2447 q.
1368 2416 1395 2437 s.
1490 2407 1611 2448 prai-

135 2464 318 2496 propero
339 2454 479 2486 Merula.
509 2454 689 2496 proprio
723 2453 924 2496 Calpurnius
1019 2454 1162 2485 aereis
1192 2463 1211 2484 a
1238 2459 1277 2484 te
1301 2453 1441 2484 uireis
1469 2452 1608 2485 Merula.

134 2502 346 2532 acrissate
380 2501 500 2531 uiros
531 2500 733 2541 Calpurnius
826 2500 986 2531 reuixti
1012 2499 1150 2530 Merula.
1182 2499 1335 2530 reuisti
1365 2498 1565 2540 Calpurnius

180 2547 225 2576 IV
252 2546 336 2577 Ibid.
358 2556 391 2587 p.
415 2545 482 2578 288
510 2546 732 2587 ‘Calpurnius
751 2545 827 2576 Piso
850 2546 882 2576 in
911 2545 1005 2576 libris
1026 2545 1067 2576 de
1094 2545 1297 2577 continentia
1321 2550 1471 2576 ueterum
1494 2546 1609 2586 poeta-

135 2601 229 2622 rum:
272 2593 395 2623 morti
430 2592 688 2634 proximum,
727 2592 826 2631 quin
862 2596 1091 2629 mortuum,
1132 2591 1246 2622 uiuis
1281 2590 1506 2622 coloribus
1538 2591 1609 2621 de-

134 2638 275 2679 pingit
301 2639 459 2669 Ennius
487 2637 600 2669 libro
628 2637 816 2669 secundo
843 2637 1077 2674 annalium,
1109 2637 1181 2668 ubi
1209 2638 1270 2668 sic
1297 2636 1465 2667 scribit:
1504 2635 1606 2677 [Anu.

134 2682 212 2713 462.
239 2682 321 2724 463]
358 2683 636 2723 Nequiquam'
667 2695 695 2715 e.
727 2695 757 2723 q.
788 2694 814 2713 5.
861 2683 911 2715 Cf.
941 2684 979 2714 A.
1006 2683 1153 2714 Kochius
1183 2683 1202 2713 l.
1233 2682 1253 2713 l.
1282 2692 1316 2724 p.
1344 2683 1363 2713 2
1458 2682 1486 2711 V
1523 2682 1605 2713 lbid.

133 2737 167 2767 p.
196 2727 263 2760 324
293 2729 446 2770 ‘glossae
472 2730 626 2760 Forneri:
661 2729 960 2770 παλαμναῖον
989 2729 1144 2767 dirum,
1174 2728 1283 2768 quod
1303 2728 1477 2758 deorum
1501 2728 1606 2759 iram

133 2772 259 2804 habet
288 2776 571 2806 coniunctam.
613 2776 772 2806 Ennius
801 2775 839 2805 in
870 2775 998 2805 tertio
1123 2775 1264 2816 poscit
1295 2773 1434 2804 Merula.
1467 2774 1608 2815 possit
