1762 3057
689 169 995 205 ENNIANAE
1424 173 1554 202 LXVII

69 278 206 315 fretum
239 277 461 316 Gaditanum
498 279 712 328 designari,
749 279 893 328 Hugius
934 280 1100 317 fortasse
1136 278 1263 315 locum
1295 277 1329 313 in
1369 288 1495 327 pugna
1528 289 1547 314 a

64 347 194 386 Laelio
228 349 262 385 in
291 350 401 399 ipso7
436 356 474 387 ut
505 349 630 387 Liuius
657 348 819 387 XXVIII
847 350 897 387 30
923 351 994 398 ait,
1039 351 1172 399 rapido
1205 348 1304 385 freto
1344 348 1545 385 commissa

66 419 246 457 babuisse
273 420 491 470 suspicatus
525 426 595 457 est.
639 420 759 458 Porro
787 420 979 469 Scipionis
1007 420 1192 457 aduentus
1223 419 1259 455 in
1285 418 1455 457 Africam
1482 419 1544 456 tri-

66 487 135 525 bus
160 495 198 525 ut
235 496 324 539 puto
355 490 577 539 fragmentis
613 490 659 527 V.
692 490 756 527 Vl.
789 490 858 527 vll
898 491 1155 539 signiticatur7
1199 500 1359 539 quorum
1389 489 1440 526 vl
1470 488 1544 526 Hu-

65 559 149 607 gius
192 570 346 608 quoque
379 561 453 598 hoc
489 560 576 598 loco
609 561 749 598 editum
791 562 1025 598 coniecerat.
1087 558 1181 596 Nam
1220 565 1259 595 ut
1294 570 1437 608 negare
1469 570 1543 595 non

66 639 244 678 possum7
285 629 426 667 nullunt
467 642 599 668 eorum
639 643 816 668 uersuum
857 644 931 668 non
970 631 1141 681 potuisse
1174 631 1284 667 etiam
1318 629 1363 666 ad
1403 628 1542 678 Reguli

66 700 260 736 transitum
292 700 450 748 referri7
495 706 619 737 tamen
645 702 850 751 trepidatio
889 714 933 739 ac
966 712 1087 750 pauor
1119 712 1230 749 quem
1259 704 1373 749 pocta
1400 698 1542 748 signiti-

66 775 126 807 cat
156 769 335 807 Afrorum
375 776 410 807 et
453 771 507 807 uis
538 782 672 819 magna
713 784 810 821 quae
848 773 1017 808 traicitur
1049 772 1244 820 copiarum
1280 769 1392 819 paulo
1423 770 1544 817 magis

66 838 152 877 huic
190 852 302 890 quam
343 840 505 877 indicaui
544 841 738 878 occasioni
774 843 982 879 conuenire
1022 839 1259 877 uidebantur.
1324 838 1382 876 Cf.
1416 838 1544 876 Liuius

65 907 192 946 XXIX
215 909 278 946 25.
304 909 369 946 2³5.
410 910 492 947 Nec
524 912 606 947 scio
635 924 680 948 an
714 924 760 948 ex
793 912 949 949 incertis
981 910 1116 947 eodem
1145 910 1359 959 pertineant
1391 908 1427 945 hi
1459 921 1544 945 uer—

65 990 148 1015 sus:
170 982 377 1028 raeclibusqnc
391 983 573 1028 1)·ιἾηΡΙηιί
591 983 711 1017 Imber
726 984 884 1029 Nepam
897 979 1102 1030 (XXXIX)
1118 985 1153 1016 et
1171 994 1177 1016 :
1204 982 1364 1016 tonsillas
1384 983 1543 1027 rapiam,

65 1052 245 1096 vonfiyum
271 1053 363 1095 litus,
395 1053 559 1087 mlum-as
596 1050 716 1101 (XL).
778 1052 948 1098 Quorum
981 1051 1045 1088 ille
1074 1063 1094 1087 e
1126 1049 1387 1098 descriptione
1421 1054 1544 1085 traue-

66 1117 188 1155 hentis
220 1119 256 1155 in
284 1118 455 1156 Africam
490 1120 682 1170 Scipionis
723 1121 944 1171 desumptus
977 1120 1126 1157 uidetur
1150 1119 1252 1157 conl.
1282 1117 1387 1155 Liuio
1417 1117 1545 1155 XXIX

66 1187 137 1225 27:
170 1196 273 1226 uculo
292 1193 449 1227 secuml«)
481 1193 680 1229 nelwmemi
706 1196 794 1229 satis
810 1196 980 1239 prouecti
1002 1195 1166 1227 celerilt’r
1197 1202 1215 1225 c
1245 1196 1439 1236 conspeetu
1475 1196 1544 1226 wr-

66 1271 133 1295 rae
160 1262 271 1296 ablati
293 1268 377 1297 sunl
409 1289 417 1296 .
446 1290 453 1296 .
482 1290 490 1298 .
523 1265 636 1299 lenior
675 1268 801 1298 uenlus
839 1266 873 1298 ite
918 1266 987 1298 allu
1015 1264 1137 1309 scelus
1164 1283 1215 1287 —
1242 1284 1296 1287 —
1324 1272 1544 1308 prosperam

65 1332 329 1376 mcuiqalionem
366 1334 444 1367 sine
481 1339 623 1367 let-rere
661 1345 706 1369 (cc
747 1336 894 1370 [utnulla
926 1335 1044 1380 fuisse
1080 1332 1268 1377 permnllis
1301 1333 1452 1367 (ll-(cecis
1474 1334 1544 1367 Lu-

65 1403 218 1447 tinisquc
248 1404 455 1438 (meroribus
485 1405 640 1438 creslicli:
682 1402 803 1439 altero
833 1408 957 1439 autem
986 1400 1119 1451 rapide
1151 1412 1268 1438 naues
1301 1401 1544 1451 adpellentes

65 1470 203 1508 milites
233 1471 448 1520 pinguntur.

180 1542 310 1592 Scipio
351 1553 434 1578 cum
476 1541 685 1580 Hannibale
720 1542 966 1591 congreditur
1000 1541 1108 1592 (lx).
1171 1539 1411 1578 Conueniunt
1447 1542 1543 1579 enim

68 1623 151 1649 cum
189 1611 261 1649 hac
297 1611 406 1648 Ennii
446 1613 634 1649 sententia
674 1612 835 1649 maxime
879 1624 976 1662 quae
1013 1612 1174 1649 eundem
1207 1610 1454 1648 Hannibalem
1487 1610 1542 1647 Li-

67 1683 149 1719 uius
177 1680 286 1718 XXX
316 1680 367 1719 3⁴)
405 1688 576 1718 orantem
608 1681 718 1719 facit:
753 1683 932 1720 conferas
963 1682 1024 1720 uel
1054 1682 1171 1719 haec:
1209 1685 1395 1717 maarimae
1419 1684 1546 1728 cuique

65 1756 239 1800 sot-tunae
270 1756 411 1789 minime
447 1755 666 1789 evalem-lma
696 1760 747 1789 est
769 1781 776 1788 .
802 1781 809 1788 .
839 1782 846 1788 .
879 1756 1002 1789 melior
1040 1757 1217 1801 luliorque
1257 1757 1309 1787 est
1337 1757 1436 1786 cerm
1460 1763 1547 1797 puae

67 1837 173 1871 quam
203 1830 353 1871 sperata
386 1826 557 1869 w'clorz'a:
588 1825 680 1859 haec
709 1826 744 1859 in
777 1829 849 1867 lua,
880 1826 941 1859 cilla
965 1826 998 1859 in
1022 1826 1169 1859 deorum
1193 1834 1303 1857 mcum
1332 1827 1394 1858 esc.
1435 1832 1479 1857 ne
1501 1825 1548 1856 lot

68 1907 246 1930 annornm
277 1894 481 1941 felicitatem
514 1897 548 1929 in
583 1897 687 1930 meins
717 1895 831 1929 horae
863 1895 1006 1929 dederis
1038 1895 1241 1928 discrimen.
1303 1890 1375 1926 Vbi
1405 1889 1545 1927 Hanni-

69 1963 164 2001 balis
197 1962 406 2013 periculum
429 1962 649 2012 Scipionem
677 1962 935 2013 compellendi
968 1961 1012 1999 ad
1046 1972 1180 2011 pacem
1210 1961 1357 1998 inritum
1389 1961 1542 2009 cecidit⁷

69 2033 255 2083 proelium
295 2039 459 2084 paratur.
522 2031 663 2070 Milites
694 2033 916 2070 cohortatus
951 2032 1032 2068 siue
1073 2031 1203 2080 Scipio
1238 2037 1293 2068 est
1328 2032 1410 2068 siue
1446 2031 1543 2068 Han-

69 2103 189 2141 nibal:
216 2107 281 2141 sed
307 2107 394 2152 quid
421 2116 484 2151 eqo
512 2105 604 2140 haec
626 2110 809 2141 memoro?
843 2107 974 2141 (lictum
992 2105 1202 2150 factumque
1221 2103 1314 2149 favi!
1331 2104 1429 2149 frux
1451 2100 1542 2151 (X).

71 2174 196 2222 Pugna
221 2173 463 2210 committitur
486 2172 602 2223 (XI):
632 2174 810 2223 fugantur
837 2173 918 2210 Afri
943 2186 987 2210 ac
1014 2178 1139 2210 castra
1163 2171 1388 2220 diripiuntur
1411 2169 1543 2219 (XII).

182 2243 280 2281 Dein
312 2248 428 2292 poeta
461 2244 647 2281 uictorem
686 2244 905 2293 Scipionem
941 2244 1073 2281 nescio
1117 2254 1191 2292 quo
1232 2252 1330 2278 nexu
1371 2240 1543 2277 laudibus

71 2315 202 2352 effert:
256 2313 353 2350 unde
408 2312 553 2350 residet
602 2319 639 2350 et
689 2314 765 2351 hoc
816 2312 1016 2351 frustulum
1063 2314 1184 2359 Scipio
1235 2315 1366 2347 inuicte
1411 2308 1542 2358 (XIII)

72 2390 110 2421 et
145 2384 176 2420 is
214 2395 350 2421 uersus
389 2384 447 2420 cui
486 2395 584 2420 nunc
616 2384 785 2432 paenitet
815 2384 850 2419 in
889 2382 1027 2419 saturis
1056 2393 1076 2418 a
1114 2392 1173 2417 inc
1207 2380 1333 2417 locum
1369 2378 1544 2425 adsigna-

73 2460 148 2491 tum
187 2465 298 2490 esse:
344 2456 405 2490 uel
441 2459 476 2489 tu
515 2455 668 2490 cliccator
706 2456 765 2489 uel
793 2465 966 2499 equorum
1005 2454 1229 2497 equitumque
1260 2452 1430 2495 mayn-ter
1460 2450 1546 2483 Esto

72 2527 129 2561 uel
167 2526 293 2561 consul
332 2522 431 2572 (Sat.
468 2534 501 2557 u.
541 2520 588 2558 1S
618 2521 714 2571 sq.).
776 2521 860 2567 Quo
903 2530 1018 2555 uersu
1060 2517 1280 2566 Scipionem
1320 2515 1545 2565 compellari

76 2591 223 2629 Merula
253 2590 345 2628 uidit
384 2591 484 2628 conl.
516 2591 621 2628 Liuio
655 2588 856 2628 XXXVIII
882 2588 954 2625 56:
987 2590 1199 2634 casczyatmn
1241 2590 1334 2623 enim
1366 2588 1547 2633 quondam

77 2665 121 2698 ab
148 2675 188 2699 eo
212 2665 387 2710 populum
417 2666 479 2709 αι’ί,
507 2664 602 2709 quod
624 2674 704 2698 eum
729 2664 944 2707 pemeluum
971 2659 1150 2693 consulem
1181 2662 1213 2691 el
1242 2657 1451 2692 (licitum-em
1472 2657 1546 2690 uel—

75 2734 120 2768 let
147 2734 286 2779 facere.
347 2730 406 2769 Cf.
433 2731 611 2768 Valerius
639 2730 822 2768 Maximus
850 2728 899 2766 IV
932 2727 967 2774 1,
992 2727 1028 2763 ὕ.
1082 2725 1140 2762 De
1171 2724 1365 2774 proxumis
1397 2721 1546 2761 duobus

1212 2804 1232 2828 e
1251 2795 1270 2812 ,κ
