1762 3057
642 172 947 208 ENNIANAE
1444 179 1539 207 XXV

65 284 150 334 quis
191 295 275 322 cum
324 283 472 321 editore
519 282 707 333 Lipsiensi
754 283 801 321 de
849 282 999 321 Didone
1047 283 1111 321 uel
1159 282 1233 320 alia
1281 282 1414 320 nescio
1467 293 1540 332 qua

67 354 228 391 muliere
259 353 481 408 intellegat,
524 367 725 403 permensa
759 354 913 404 passiue
945 359 1004 391 est
1048 353 1337 403 accipiendum⁷
1370 359 1409 391 ut
1441 353 1539 404 apud

42 424 258 490 xTibullum
297 424 349 462 III
388 424 426 471 3Ἰ
460 424 484 463 9
523 431 559 462 et
590 424 697 462 alibi:
732 425 802 462 nisi
842 425 926 475 quis
955 424 1030 461 leni
1060 436 1168 461 manu
1209 423 1414 462 emendare
1447 437 1539 473 per-

67 495 214 534 mensu'
245 495 400 533 mauult.
496 496 553 534 De
574 496 732 535 Aeneae
762 496 982 541 itineribus„
1017 506 1092 546 quo
1120 495 1234 533 modo
1262 495 1361 545 apud
1382 494 1541 532 Ennium

68 572 253 605 exornata
287 567 450 615 fuerint,
494 572 531 604 et
567 567 781 617 fragmenta
819 568 956 605 desunt
999 578 1070 605 nee
1109 578 1129 603 e
1164 565 1340 615 Vergilio
1385 566 1542 602 certiori

67 636 178 674 locus
210 638 456 676 coniecturae
489 644 569 675 est:
601 650 714 689 quem
745 650 918 687 magnam
936 643 1083 688 partem
1102 636 1210 686 primi
1237 636 1321 674 libri
1339 635 1383 673 ad
1406 634 1543 673 Naeuii

68 707 269 758 exemplar
311 710 581 760 composuisse
620 708 840 747 Macrobius
882 714 1044 746 testatur
1080 708 1180 757 (Sat.
1217 706 1269 744 VI
1310 705 1333 743 2
1377 718 1413 756 p.
1462 706 1540 744 514

66 777 194 828 Jan.):
227 782 263 816 in
288 783 475 829 principio
506 782 684 818 Aeneidos
723 785 917 828 tempestus
948 780 1183 821 describitur,
1223 783 1257 814 et
1294 778 1414 814 Venus
1444 780 1546 825 apud

66 849 192 886 Iouem
221 854 386 898 queritur
413 853 456 889 de
478 854 660 900 periculis
686 854 763 899 filii,
792 857 825 887 et
846 852 1015 899 Iuppiter
1035 862 1116 887 eam
1137 851 1180 885 sle
1203 850 1415 896 futurorum
1432 860 1541 895 pros-

62 924 221 968 peritate
258 925 411 961 sotatur.
472 925 543 960 Hie
580 926 680 960 loeus
714 929 804 960 totus
832 928 997 971 sumptus
1023 934 1046 957 α
1077 922 1215 957 Naeuio
1254 925 1306 956 est
1342 931 1391 955 ecc
1420 922 1544 966 primo

70 993 159 1029 libro
176 994 257 1029 belli
275 989 415 1031 Punic-i.
445 992 582 1044 Neque
611 999 750 1042 tamen,
769 994 947 1044 quoniam
966 1003 1039 1029 non
1053 990 1190 1028 desunt
1209 990 1243 1027 in
1262 1002 1307 1027 ea
1326 991 1543 1027 narratione

66 1061 228 1112 Vergilii
271 1064 458 1113 quaedam
491 1064 538 1102 ab
578 1064 701 1102 Ennio
749 1064 1002 1114 deprompta,
1044 1061 1089 1099 ab
1131 1060 1202 1098 hac
1243 1065 1353 1110 parte
1392 1061 1543 1097 omnino

69 1146 159 1171 usus
187 1135 268 1172 eius
295 1139 436 1185 poetae
467 1134 614 1173 alienus
648 1140 718 1173 est.
770 1133 843 1171 Vel
884 1134 954 1171 hos
991 1144 1127 1171 uersus
1165 1134 1334 1181 Iuppiter
1376 1134 1434 1169 Iu'e
1468 1135 1547 1168 risit

67 1211 364 1255 tempestatesque
394 1218 548 1243 serenae
579 1208 759 1244 Riserunt
784 1217 906 1242 omnes
931 1209 1009 1242 risu
1038 1206 1139 1241 Iouis
1169 1207 1418 1252 nmmputmzte's
1448 1203 1543 1251 (inc.

68 1275 149 1314 sed.
183 1275 255 1328 III)
289 1277 376 1328 quid
407 1276 573 1326 inpedit,
608 1287 683 1326 quo
715 1276 836 1314 minus
862 1275 973 1313 simili
1005 1287 1104 1312 nexu
1135 1274 1224 1312 olim
1257 1273 1355 1324 apud
1387 1272 1545 1311 Ennium

67 1345 218 1384 habitos
251 1348 637 1397 existime11111S‚q[10
670 1346 785 1397 paulo
827 1346 1031 1397 politiores
1074 1352 1210 1397 postea
1256 1343 1452 1393 Vergilius
1492 1344 1544 1380 in-

68 1399 190 1454 texuit
221 1416 318 1455 Aen.
349 1417 364 1456 I
406 1418 486 1456 254
507 1430 565 1469 sq.
600 1423 661 1457 olli
688 1420 881 1456 subridens
910 1421 1093 1456 hominum
1124 1425 1226 1455 sator
1254 1423 1360 1464 atque
1395 1418 1546 1453 deorum

77 1489 189 1533 Voltu,
221 1502 289 1537 quo
317 1493 455 1528 eaelum
481 1496 778 1539 tempestatesque
810 1486 984 1527 serenat?
1019 1487 1110 1526 Cum
1138 1494 1341 1538 praeterea
1374 1499 1393 1524 e
1425 1487 1544 1536 primo

68 1558 193 1597 annali
226 1559 343 1597 adlati
374 1560 519 1598 diserte
552 1573 688 1598 uersus
721 1560 845 1609 (XIX.
874 1560 967 1611 XX)
994 1559 1295 1597 descendentem
1313 1558 1360 1596 de
1380 1557 1545 1607 Olympo

68 1629 261 1668 Venerem
298 1631 505 1680 designare
547 1631 789 1679 uiderentur,
829 1632 914 1669 inde
952 1637 1036 1669 nata
1079 1630 1325 1677 coniectura,
1372 1639 1444 1665 non
1482 1627 1545 1665 illa

69 1707 196 1749 certa,
238 1702 305 1740 sed
347 1707 473 1740 tamen
512 1701 746 1753 probabilis,
779 1709 817 1741 et
851 1702 1113 1753 tempestatis¹7
1148 1713 1221 1751 qua
1256 1701 1409 1738 Aeneas
1446 1698 1544 1749 apud

70 1770 282 1822 Vergilium
321 1772 515 1822 defertur‚
558 1775 593 1811 in
625 1773 824 1811 annalibus
855 1785 1010 1824 quoque
1047 1775 1279 1811 mentionem
1311 1784 1384 1809 nec
1418 1770 1545 1808 Vene-

70 1842 122 1879 ris
168 1842 291 1881 nullas
335 1844 371 1881 in
410 1855 458 1882 eo
504 1845 638 1882 itinere
677 1850 807 1895 partes
853 1843 984 1881 fuisse.
1049 1844 1098 1881 At
1145 1844 1266 1894 potuit
1308 1843 1404 1880 haec
1436 1841 1545 1879 Ennii

70 1913 237 1952 narratio
278 1914 434 1952 multum
477 1915 633 1953 differre
675 1914 720 1953 al}
766 1926 837 1963 eo‚
887 1927 999 1965 quem
1040 1914 1236 1963 Vergilius
1275 1918 1430 1950 secutus
1473 1917 1545 1955 est„

69 1982 237 2022 Naeuio:
267 1991 307 2022 ut
338 1998 381 2023 ea
411 1986 572 2037 suspitio
604 1992 766 2037 propter
786 1985 1021 2024 Mam-obium
1050 1997 1124 2023 non
1154 1990 1349 2022 euertatur
1372 1983 1544 2020 omnino:

71 2054 174 2093 uelut
217 2055 264 2093 de
304 2055 476 2105 Didone,
517 2068 615 2107 quae
649 2063 729 2096 tota
767 2057 962 2096 Naeuiana
1002 2062 1083 2103 est,
1126 2055 1284 2093 Ennium
1320 2061 1409 2105 puio
1456 2053 1546 2091 1111111

70 2125 295 2165 tradidisse:
343 2126 596 2176 fragmentum
634 2128 784 2178 quidem
817 2127 879 2165 1181
923 2127 1200 2174 testimonium,
1244 2137 1318 2176 quo
1352 2138 1435 2164 eam
1469 2136 1546 2162 rem

72 2197 252 2244 euincaS‚
286 2208 360 2234 non
392 2204 510 2236 extat.

185 2265 350 2305 Aduenit
380 2269 537 2308 Aeneas
565 2270 600 2307 in
632 2269 796 2308 Italiam:
830 2269 1079 2319 designantur
1107 2268 1188 2306 eius
1221 2274 1349 2306 terrae
1381 2268 1475 2304 situs
1509 2272 1547 2303 et

72 2337 225 2375 incolae
270 2339 545 2390 pristinumque
585 2352 722 2378 nomen
763 2340 935 2378 adfertur
977 2339 1101 2390 (XXI.
1149 2338 1269 2376 XXII.
1316 2337 1455 2375 XXIII.
1496 2337 1544 2374 cf.

71 2407 261 2459 XXXII):
305 2422 403 2459 quae
436 2410 589 2459 quidem
621 2410 774 2449 dubium
812 2416 871 2447 est
905 2410 951 2447 al)
984 2411 1121 2460 ipsone
1152 2414 1266 2460 poeta
1297 2409 1470 2445 dicantur
1501 2419 1546 2444 an

74 2478 120 2516 ab
162 2480 237 2517 alio
275 2480 406 2518 nescio
440 2492 515 2530 quo
548 2493 660 2531 quem
691 2480 913 2529 loquentem
941 2480 1105 2517 inducat.
1147 2478 1186 2516 ln
1218 2478 1392 2517 Aeneide
1421 2477 1437 2515 I
1466 2478 1546 2515 530

72 2548 243 2588 Ilioneus
270 2550 429 2588 Aeneae
452 2551 581 2588 socius
601 2558 653 2589 est
681 2554 791 2596 loeus,
824 2550 955 2599 inquit,
988 2552 1208 2597 Hesperium
1230 2553 1323 2587 Grai
1340 2552 1549 2597 cognomine

74 2623 214 2667 dieunt,
263 2623 382 2659 Terra
412 2627 583 2671 antiqua,
610 2628 741 2670 potens
768 2623 882 2656 armis
912 2626 1019 2668 atque
1060 2622 1168 2657 ubere
1208 2621 1354 2668 (fletum,
1401 2620 1551 2656 Oenotri

71 2693 214 2728 coluere
251 2695 341 2732 uiri;
376 2705 473 2729 nune
508 2694 613 2740 famu
652 2695 810 2729 minores
846 2692 993 2727 Italiam
1024 2694 1161 2728 dimisse
1193 2693 1295 2728 (lueis
1331 2693 1375 2728 de
1403 2694 1546 2728 nomine

69 2768 223 2809 yentem.
298 2760 357 2799 De
401 2760 613 2812 Hesperia,
655 2762 782 2813 prisca
821 2760 953 2799 Italiae
992 2760 1276 2812 adpellatione,
1325 2771 1435 2812 quam
1468 2759 1543 2798 En-
