<?xml version="1.0" encoding="UTF-8"?>
<!DOCTYPE html PUBLIC "-//W3C//DTD XHTML 1.0 Transitional//EN"
    "http://www.w3.org/TR/xhtml1/DTD/xhtml1-transitional.dtd">
<html xmlns="http://www.w3.org/1999/xhtml" xml:lang="en" lang="en">
 <head>
  <title>
</title>
<meta http-equiv="Content-Type" content="text/html;charset=utf-8" />
  <meta name='ocr-system' content='tesseract 3.04.00' />
  <meta name='ocr-capabilities' content='ocr_page ocr_carea ocr_par ocr_line ocrx_word'/>
</head>
<body>
  <div class='ocr_page' id='page_1' title='image "./poesisreliquiae00enniuoft_0092.png"; bbox 0 0 1762 3057; ppageno 0'>
   <div class='ocr_carea' id='block_1_1' title="bbox 182 209 1126 256">
    <p class='ocr_par' dir='ltr' id='par_1_1' title="bbox 182 209 1126 256">
     <span class='ocr_line' id='line_1_1' title="bbox 182 209 1126 256; baseline -0.008 -4"><span class='ocrx_word' id='word_1_1' title='bbox 182 222 360 252; x_wconf 85' lang='lat' dir='ltr'>LXXXIV</span> <span class='ocrx_word' id='word_1_2' title='bbox 710 209 1126 256; x_wconf 71' lang='lat' dir='ltr'>QVAESTIONES</span> 
     </span>
    </p>
   </div>
   <div class='ocr_carea' id='block_1_2' title="bbox 178 312 1663 2821">
    <p class='ocr_par' dir='ltr' id='par_1_2' title="bbox 178 312 1662 1351">
     <span class='ocr_line' id='line_1_2' title="bbox 185 312 1656 375; baseline -0.006 -12"><span class='ocrx_word' id='word_1_3' title='bbox 185 319 263 363; x_wconf 73' lang='grc' dir='ltr'>ὑπὸ</span> <span class='ocrx_word' id='word_1_4' title='bbox 292 321 496 375; x_wconf 69' lang='grc' dir='ltr'><em>Περσέων,</em></span> <span class='ocrx_word' id='word_1_5' title='bbox 540 321 710 371; x_wconf 73' lang='grc' dir='ltr'><em>ἔπεμπον</em></span> <span class='ocrx_word' id='word_1_6' title='bbox 745 314 931 370; x_wconf 70' lang='grc' dir='ltr'><em>ἀγγέλους</em></span> <span class='ocrx_word' id='word_1_7' title='bbox 961 317 998 364; x_wconf 83' lang='grc' dir='ltr'>ἐς</span> <span class='ocrx_word' id='word_1_8' title='bbox 1025 314 1172 371; x_wconf 73' lang='grc' dir='ltr'><em>Σάρδις</em></span> <span class='ocrx_word' id='word_1_9' title='bbox 1200 312 1306 368; x_wconf 76' lang='grc' dir='ltr'><em>παρὰ</em></span> <span class='ocrx_word' id='word_1_10' title='bbox 1337 319 1470 368; x_wconf 83' lang='grc' dir='ltr'><em>Κῦρον</em></span> <span class='ocrx_word' id='word_1_11' title='bbox 1499 315 1656 355; x_wconf 82' lang='grc' dir='ltr'><em>ἐθέλον-</em></span> 
     </span>
     <span class='ocr_line' id='line_1_3' title="bbox 185 381 1657 442; baseline -0.005 -9"><span class='ocrx_word' id='word_1_12' title='bbox 185 409 244 441; x_wconf 86' lang='grc' dir='ltr'><em>τες</em></span> <span class='ocrx_word' id='word_1_13' title='bbox 276 392 337 432; x_wconf 85' lang='grc' dir='ltr'>ἐπὶ</span> <span class='ocrx_word' id='word_1_14' title='bbox 371 395 470 431; x_wconf 88' lang='grc' dir='ltr'><em>τοῖσι</em></span> <span class='ocrx_word' id='word_1_15' title='bbox 508 385 660 429; x_wconf 73' lang='grc' dir='ltr'><em>αὐτοῖσι</em></span> <span class='ocrx_word' id='word_1_16' title='bbox 693 386 792 428; x_wconf 80' lang='grc' dir='ltr'><em>εἶναι</em></span> <span class='ocrx_word' id='word_1_17' title='bbox 826 392 924 427; x_wconf 86' lang='grc' dir='ltr'><em>τοῖσι</em></span> <span class='ocrx_word' id='word_1_18' title='bbox 963 387 1029 426; x_wconf 82' lang='grc' dir='ltr'>καὶ</span> <span class='ocrx_word' id='word_1_19' title='bbox 1058 390 1213 442; x_wconf 80' lang='grc' dir='ltr'><em>Κροίσῳ</em></span> <span class='ocrx_word' id='word_1_20' title='bbox 1247 387 1340 426; x_wconf 75' lang='grc' dir='ltr'><em>ἔσαν</em></span> <span class='ocrx_word' id='word_1_21' title='bbox 1378 381 1576 436; x_wconf 80' lang='grc' dir='ltr'><strong><em>κατήκοοι.</em></strong></span> <span class='ocrx_word' id='word_1_22' title='bbox 1637 381 1657 425; x_wconf 83' lang='grc' dir='ltr'><strong>ὁ</strong></span> 
     </span>
     <span class='ocr_line' id='line_1_4' title="bbox 186 451 1658 511; baseline -0.006 -9"><span class='ocrx_word' id='word_1_23' title='bbox 186 462 228 502; x_wconf 77' lang='grc' dir='ltr'>δὲ</span> <span class='ocrx_word' id='word_1_24' title='bbox 254 457 426 508; x_wconf 73' lang='grc' dir='ltr'><em>ἀκούσας</em></span> <span class='ocrx_word' id='word_1_25' title='bbox 463 458 610 498; x_wconf 78' lang='grc' dir='ltr'><em>αὐτέων</em></span> <span class='ocrx_word' id='word_1_26' title='bbox 633 454 679 498; x_wconf 78' lang='grc' dir='ltr'>τὰ</span> <span class='ocrx_word' id='word_1_27' title='bbox 708 460 963 511; x_wconf 69' lang='grc' dir='ltr'><em>προΐσχοντο,</em></span> <span class='ocrx_word' id='word_1_28' title='bbox 1005 458 1108 506; x_wconf 79' lang='grc' dir='ltr'><em>ἔλεξέ</em></span> <span class='ocrx_word' id='word_1_29' title='bbox 1135 470 1205 507; x_wconf 92' lang='grc' dir='ltr'>σφι</span> <span class='ocrx_word' id='word_1_30' title='bbox 1235 453 1371 508; x_wconf 71' lang='grc' dir='ltr'>λόγον7</span> <span class='ocrx_word' id='word_1_31' title='bbox 1395 451 1552 508; x_wconf 69' lang='grc' dir='ltr'><em>ἄνδρα</em></span> <span class='ocrx_word' id='word_1_32' title='bbox 1581 451 1658 505; x_wconf 72' lang='grc' dir='ltr'>φὰς</span> 
     </span>
     <span class='ocr_line' id='line_1_5' title="bbox 186 520 1657 584; baseline -0.005 -12"><span class='ocrx_word' id='word_1_33' title='bbox 186 526 406 584; x_wconf 72' lang='grc' dir='ltr'><em>αὐλητὴν</em></span> <span class='ocrx_word' id='word_1_34' title='bbox 444 527 614 569; x_wconf 81' lang='grc' dir='ltr'><em>ἰὸόντα</em></span> <span class='ocrx_word' id='word_1_35' title='bbox 655 530 801 580; x_wconf 80' lang='grc' dir='ltr'><em>ἰχθῦς</em></span> <span class='ocrx_word' id='word_1_36' title='bbox 836 527 884 566; x_wconf 82' lang='grc' dir='ltr'>ἐν</span> <span class='ocrx_word' id='word_1_37' title='bbox 913 531 968 582; x_wconf 76' lang='grc' dir='ltr'>τῇ</span> <span class='ocrx_word' id='word_1_38' title='bbox 1000 524 1229 581; x_wconf 77' lang='grc' dir='ltr'><em>θαλάσσῃ</em></span> <span class='ocrx_word' id='word_1_39' title='bbox 1255 520 1476 575; x_wconf 69' lang='grc' dir='ltr'><em>αὐλέειν,</em></span> <span class='ocrx_word' id='word_1_40' title='bbox 1517 525 1657 565; x_wconf 81' lang='grc' dir='ltr'><em>δοκέ-</em></span> 
     </span>
     <span class='ocr_line' id='line_1_6' title="bbox 186 591 1660 651; baseline -0.005 -9"><span class='ocrx_word' id='word_1_41' title='bbox 186 599 306 643; x_wconf 75' lang='grc' dir='ltr'><em>οντα</em></span> <span class='ocrx_word' id='word_1_42' title='bbox 339 615 493 651; x_wconf 87' lang='grc' dir='ltr'><em>σφεας</em></span> <span class='ocrx_word' id='word_1_43' title='bbox 528 596 881 650; x_wconf 79' lang='grc' dir='ltr'><em>ἐξελεύσεσθαι</em></span> <span class='ocrx_word' id='word_1_44' title='bbox 919 596 963 645; x_wconf 81' lang='grc' dir='ltr'>ἐς</span> <span class='ocrx_word' id='word_1_45' title='bbox 997 600 1111 649; x_wconf 77' lang='grc' dir='ltr'><em>γῆν·</em></span> <span class='ocrx_word' id='word_1_46' title='bbox 1173 591 1224 643; x_wconf 78' lang='grc' dir='ltr'>ὡς</span> <span class='ocrx_word' id='word_1_47' title='bbox 1263 594 1303 634; x_wconf 74' lang='grc' dir='ltr'>δὲ</span> <span class='ocrx_word' id='word_1_48' title='bbox 1333 598 1562 647; x_wconf 79' lang='grc' dir='ltr'><em>ψευσθῆναι</em></span> <span class='ocrx_word' id='word_1_49' title='bbox 1593 599 1660 646; x_wconf 84' lang='grc' dir='ltr'>τῆς</span> 
     </span>
     <span class='ocr_line' id='line_1_7' title="bbox 187 661 1660 723; baseline -0.005 -11"><span class='ocrx_word' id='word_1_50' title='bbox 187 673 359 720; x_wconf 75' lang='grc' dir='ltr'><em>ἐλπίδος,</em></span> <span class='ocrx_word' id='word_1_51' title='bbox 397 673 531 723; x_wconf 83' lang='grc' dir='ltr'><em>λαβεῖν</em></span> <span class='ocrx_word' id='word_1_52' title='bbox 569 664 864 722; x_wconf 66' lang='grc' dir='ltr'><em>ἀμφίβληστρον</em></span> <span class='ocrx_word' id='word_1_53' title='bbox 900 668 964 707; x_wconf 85' lang='grc' dir='ltr'>καὶ</span> <span class='ocrx_word' id='word_1_54' title='bbox 998 669 1222 720; x_wconf 81' lang='grc' dir='ltr'><em>περιβαλεῖν</em></span> <span class='ocrx_word' id='word_1_55' title='bbox 1258 681 1296 705; x_wconf 88' lang='grc' dir='ltr'><em>τε</em></span> <span class='ocrx_word' id='word_1_56' title='bbox 1330 669 1485 717; x_wconf 80' lang='grc' dir='ltr'><em>πλῆθος</em></span> <span class='ocrx_word' id='word_1_57' title='bbox 1513 661 1660 705; x_wconf 82' lang='grc' dir='ltr'><em>πολλὸν</em></span> 
     </span>
     <span class='ocr_line' id='line_1_8' title="bbox 184 731 1658 792; baseline -0.005 -10"><span class='ocrx_word' id='word_1_58' title='bbox 184 746 261 782; x_wconf 81' lang='grc' dir='ltr'>τῶν</span> <span class='ocrx_word' id='word_1_59' title='bbox 286 737 438 792; x_wconf 79' lang='grc' dir='ltr'><em>ἰχθύων</em></span> <span class='ocrx_word' id='word_1_60' title='bbox 468 738 534 778; x_wconf 83' lang='grc' dir='ltr'>καὶ</span> <span class='ocrx_word' id='word_1_61' title='bbox 565 736 775 791; x_wconf 63' lang='grc' dir='ltr'><em>ἐξειρύσαι,</em></span> <span class='ocrx_word' id='word_1_62' title='bbox 807 734 939 778; x_wconf 74' lang='grc' dir='ltr'><em>ἰδόντα</em></span> <span class='ocrx_word' id='word_1_63' title='bbox 972 737 1012 777; x_wconf 79' lang='grc' dir='ltr'>δὲ</span> <span class='ocrx_word' id='word_1_64' title='bbox 1044 736 1307 788; x_wconf 75' lang='grc' dir='ltr'><em>παλλομένους</em></span> <span class='ocrx_word' id='word_1_65' title='bbox 1333 738 1453 776; x_wconf 84' lang='grc' dir='ltr'><em>εἰπεῖν</em></span> <span class='ocrx_word' id='word_1_66' title='bbox 1484 733 1560 789; x_wconf 81' lang='grc' dir='ltr'>ἅρα</span> <span class='ocrx_word' id='word_1_67' title='bbox 1589 731 1658 775; x_wconf 69' lang='grc' dir='ltr'>αὖ·</span> 
     </span>
     <span class='ocr_line' id='line_1_9' title="bbox 184 800 1660 864; baseline -0.005 -12"><span class='ocrx_word' id='word_1_68' title='bbox 184 808 250 852; x_wconf 83' lang='grc' dir='ltr'>τὸν</span> <span class='ocrx_word' id='word_1_69' title='bbox 275 807 371 864; x_wconf 86' lang='grc' dir='ltr'><em>πρὸς</em></span> <span class='ocrx_word' id='word_1_70' title='bbox 398 804 487 856; x_wconf 74' lang='grc' dir='ltr'><em>τοὺς</em></span> <span class='ocrx_word' id='word_1_71' title='bbox 517 810 631 860; x_wconf 84' lang='grc' dir='ltr'><em>ἰχθῦς</em></span> <span class='ocrx_word' id='word_1_72' title='bbox 661 805 861 847; x_wconf 58' lang='grc' dir='ltr'><em>(παύεσθέ</em></span> <span class='ocrx_word' id='word_1_73' title='bbox 887 823 952 859; x_wconf 86' lang='grc' dir='ltr'><em>μοι</em></span> <span class='ocrx_word' id='word_1_74' title='bbox 982 804 1213 859; x_wconf 77' lang='grc' dir='ltr'><em>ὀρχεόμενοι.</em></span> <span class='ocrx_word' id='word_1_75' title='bbox 1247 805 1324 845; x_wconf 83' lang='grc' dir='ltr'><em>ἐπεὶ</em></span> <span class='ocrx_word' id='word_1_76' title='bbox 1353 801 1440 844; x_wconf 73' lang='grc' dir='ltr'><em>οὐδ’</em></span> <span class='ocrx_word' id='word_1_77' title='bbox 1475 802 1560 857; x_wconf 88' lang='grc' dir='ltr'><em>ἐμέο</em></span> <span class='ocrx_word' id='word_1_78' title='bbox 1590 800 1660 844; x_wconf 80' lang='grc' dir='ltr'>αὕ-</span> 
     </span>
     <span class='ocr_line' id='line_1_10' title="bbox 185 874 1661 932; baseline -0.005 -10"><span class='ocrx_word' id='word_1_79' title='bbox 185 880 336 929; x_wconf 83' lang='grc' dir='ltr'><em>λέοντος</em></span> <span class='ocrx_word' id='word_1_80' title='bbox 359 874 516 932; x_wconf 74' lang='grc' dir='ltr'><em>ἠθέλετε</em></span> <span class='ocrx_word' id='word_1_81' title='bbox 547 880 740 932; x_wconf 79' lang='grc' dir='ltr'><em>ἐκβαίνειν</em></span> <span class='ocrx_word' id='word_1_82' title='bbox 765 875 1021 932; x_wconf 45' lang='grc' dir='ltr'><em>ὀρχεόμενοι)</em></span> <span class='ocrx_word' id='word_1_83' title='bbox 1084 879 1141 916; x_wconf 90' lang='lat' dir='ltr'>Ad</span> <span class='ocrx_word' id='word_1_84' title='bbox 1175 879 1275 928; x_wconf 86' lang='lat' dir='ltr'>quod</span> <span class='ocrx_word' id='word_1_85' title='bbox 1302 890 1424 926; x_wconf 85' lang='lat' dir='ltr'>genus</span> <span class='ocrx_word' id='word_1_86' title='bbox 1457 878 1589 915; x_wconf 87' lang='lat' dir='ltr'>nescio</span> <span class='ocrx_word' id='word_1_87' title='bbox 1615 890 1661 915; x_wconf 87' lang='lat' dir='ltr'>an</span> 
     </span>
     <span class='ocr_line' id='line_1_11' title="bbox 187 950 1659 1001; baseline -0.003 -11"><span class='ocrx_word' id='word_1_88' title='bbox 187 959 224 990; x_wconf 93' lang='lat' dir='ltr'>et</span> <span class='ocrx_word' id='word_1_89' title='bbox 255 952 317 990; x_wconf 87' lang='lat' dir='ltr'>hic</span> <span class='ocrx_word' id='word_1_90' title='bbox 346 963 482 988; x_wconf 89' lang='lat' dir='ltr'>uersus</span> <span class='ocrx_word' id='word_1_91' title='bbox 514 951 722 1001; x_wconf 76' lang='lat' dir='ltr'><strong>pertineat:</strong></span> <span class='ocrx_word' id='word_1_92' title='bbox 765 955 887 989; x_wconf 73' lang='lat' dir='ltr'>decem</span> <span class='ocrx_word' id='word_1_93' title='bbox 916 955 1058 989; x_wconf 72' lang='lat' dir='ltr'>coclites</span> <span class='ocrx_word' id='word_1_94' title='bbox 1088 954 1187 999; x_wconf 70' lang='lat' dir='ltr'>queis</span> <span class='ocrx_word' id='word_1_95' title='bbox 1218 951 1393 986; x_wconf 74' lang='lat' dir='ltr'>montibus</span> <span class='ocrx_word' id='word_1_96' title='bbox 1422 953 1570 985; x_wconf 74' lang='lat' dir='ltr'>Summis</span> <span class='ocrx_word' id='word_1_97' title='bbox 1594 950 1659 985; x_wconf 82' lang='lat' dir='ltr'>Ri-</span> 
     </span>
     <span class='ocr_line' id='line_1_12' title="bbox 178 1018 1660 1073; baseline -0.003 -13"><span class='ocrx_word' id='word_1_98' title='bbox 178 1027 262 1073; x_wconf 78' lang='lat' dir='ltr'>peis</span> <span class='ocrx_word' id='word_1_99' title='bbox 293 1025 422 1071; x_wconf 77' lang='lat' dir='ltr'><em>fodere</em></span> <span class='ocrx_word' id='word_1_100' title='bbox 462 1021 557 1071; x_wconf 90' lang='lat' dir='ltr'>(inc.</span> <span class='ocrx_word' id='word_1_101' title='bbox 602 1026 671 1057; x_wconf 90' lang='lat' dir='ltr'>sat.</span> <span class='ocrx_word' id='word_1_102' title='bbox 707 1019 837 1071; x_wconf 78' lang='lat' dir='ltr'>Vlll):</span> <span class='ocrx_word' id='word_1_103' title='bbox 888 1020 1079 1070; x_wconf 78' lang='lat' dir='ltr'>Arimaspi</span> <span class='ocrx_word' id='word_1_104' title='bbox 1113 1020 1210 1058; x_wconf 81' lang='lat' dir='ltr'>enim</span> <span class='ocrx_word' id='word_1_105' title='bbox 1240 1018 1393 1056; x_wconf 79' lang='lat' dir='ltr'>unoculi</span> <span class='ocrx_word' id='word_1_106' title='bbox 1427 1018 1500 1055; x_wconf 85' lang='lat' dir='ltr'>(lici</span> <span class='ocrx_word' id='word_1_107' title='bbox 1531 1018 1660 1056; x_wconf 87' lang='lat' dir='ltr'>uiden-</span> 
     </span>
     <span class='ocr_line' id='line_1_13' title="bbox 185 1082 1662 1142; baseline -0.002 -12"><span class='ocrx_word' id='word_1_108' title='bbox 185 1099 266 1141; x_wconf 74' lang='lat' dir='ltr'>tur,</span> <span class='ocrx_word' id='word_1_109' title='bbox 308 1093 354 1130; x_wconf 91' lang='lat' dir='ltr'>de</span> <span class='ocrx_word' id='word_1_110' title='bbox 393 1090 528 1142; x_wconf 88' lang='lat' dir='ltr'>quibus</span> <span class='ocrx_word' id='word_1_111' title='bbox 567 1088 786 1127; x_wconf 85' lang='lat' dir='ltr'>Herodotus</span> <span class='ocrx_word' id='word_1_112' title='bbox 822 1089 873 1127; x_wconf 81' lang='lat' dir='ltr'>IV</span> <span class='ocrx_word' id='word_1_113' title='bbox 910 1090 957 1128; x_wconf 88' lang='grc'>13</span> <span class='ocrx_word' id='word_1_114' title='bbox 986 1083 1220 1141; x_wconf 73' lang='grc' dir='ltr'><em>Ἰσσηδόνων</em></span> <span class='ocrx_word' id='word_1_115' title='bbox 1255 1083 1293 1127; x_wconf 76' lang='grc' dir='ltr'>δ’</span> <span class='ocrx_word' id='word_1_116' title='bbox 1333 1082 1572 1139; x_wconf 74' lang='grc' dir='ltr'><em>ὑπεροικέειν</em></span> <span class='ocrx_word' id='word_1_117' title='bbox 1612 1090 1662 1127; x_wconf 89' lang='lat' dir='ltr'>ait</span> 
     </span>
     <span class='ocr_line' id='line_1_14' title="bbox 181 1153 1659 1214; baseline -0.001 -14"><span class='ocrx_word' id='word_1_118' title='bbox 181 1156 445 1214; x_wconf 81' lang='grc' dir='ltr'><em>Ἀριμασποὺς</em></span> <span class='ocrx_word' id='word_1_119' title='bbox 467 1156 613 1210; x_wconf 67' lang='grc' dir='ltr'><em>ἄνδρας</em></span> <span class='ocrx_word' id='word_1_120' title='bbox 635 1157 983 1209; x_wconf 51' lang='grc' dir='ltr'>μουνοφθιῑὲλμουςἓ</span> <span class='ocrx_word' id='word_1_121' title='bbox 1015 1155 1113 1210; x_wconf 73' lang='grc' dir='ltr'><em>ὑπὲρ</em></span> <span class='ocrx_word' id='word_1_122' title='bbox 1145 1157 1185 1197; x_wconf 76' lang='grc' dir='ltr'>δὲ</span> <span class='ocrx_word' id='word_1_123' title='bbox 1214 1154 1379 1197; x_wconf 79' lang='grc' dir='ltr'><em>τουτέων</em></span> <span class='ocrx_word' id='word_1_124' title='bbox 1407 1153 1496 1205; x_wconf 77' lang='grc' dir='ltr'><em>τοὺς</em></span> <span class='ocrx_word' id='word_1_125' title='bbox 1523 1171 1659 1210; x_wconf 76' lang='grc' dir='ltr'><em>χρυσο-</em></span> 
     </span>
     <span class='ocr_line' id='line_1_15' title="bbox 186 1225 1662 1283; baseline -0.001 -13"><span class='ocrx_word' id='word_1_126' title='bbox 186 1228 365 1282; x_wconf 79' lang='grc' dir='ltr'><em>φύλακας</em></span> <span class='ocrx_word' id='word_1_127' title='bbox 404 1234 574 1282; x_wconf 76' lang='grc' dir='ltr'><em>γρῦπας,</em></span> <span class='ocrx_word' id='word_1_128' title='bbox 628 1225 794 1268; x_wconf 77' lang='grc' dir='ltr'><em>τουτέων</em></span> <span class='ocrx_word' id='word_1_129' title='bbox 834 1228 876 1268; x_wconf 73' lang='grc' dir='ltr'>δὲ</span> <span class='ocrx_word' id='word_1_130' title='bbox 912 1225 1000 1276; x_wconf 71' lang='grc' dir='ltr'><em>τοὺς</em></span> <span class='ocrx_word' id='word_1_131' title='bbox 1024 1225 1302 1283; x_wconf 60' lang='grc' dir='ltr'><em>“Υπερβορέους</em></span> <span class='ocrx_word' id='word_1_132' title='bbox 1330 1226 1571 1280; x_wconf 83' lang='grc' dir='ltr'><em>κατήκοντας</em></span> <span class='ocrx_word' id='word_1_133' title='bbox 1602 1228 1662 1268; x_wconf 84' lang='grc' dir='ltr'>ἐπὶ</span> 
     </span>
     <span class='ocr_line' id='line_1_16' title="bbox 186 1299 595 1351; baseline -0.005 -12"><span class='ocrx_word' id='word_1_134' title='bbox 186 1299 396 1340; x_wconf 77' lang='grc' dir='ltr'><em>θάλασσαν</em></span> <span class='ocrx_word' id='word_1_135' title='bbox 427 1313 460 1338; x_wconf 89' lang='lat' dir='ltr'>e.</span> <span class='ocrx_word' id='word_1_136' title='bbox 495 1314 531 1351; x_wconf 90' lang='lat' dir='ltr'>q.</span> <span class='ocrx_word' id='word_1_137' title='bbox 565 1313 595 1337; x_wconf 87' lang='lat' dir='ltr'>s.</span> 
     </span>
    </p>

    <p class='ocr_par' dir='ltr' id='par_1_3' title="bbox 178 1369 1663 2821">
     <span class='ocr_line' id='line_1_17' title="bbox 300 1369 1661 1422; baseline 0.001 -14"><span class='ocrx_word' id='word_1_138' title='bbox 300 1372 402 1419; x_wconf 84' lang='lat' dir='ltr'>Quot</span> <span class='ocrx_word' id='word_1_139' title='bbox 438 1377 647 1408; x_wconf 82' lang='lat' dir='ltr'>saturarum</span> <span class='ocrx_word' id='word_1_140' title='bbox 680 1371 798 1408; x_wconf 86' lang='lat' dir='ltr'>libros</span> <span class='ocrx_word' id='word_1_141' title='bbox 832 1371 1044 1408; x_wconf 85' lang='lat' dir='ltr'>confecerit</span> <span class='ocrx_word' id='word_1_142' title='bbox 1075 1369 1217 1408; x_wconf 89' lang='lat' dir='ltr'>Ennius</span> <span class='ocrx_word' id='word_1_143' title='bbox 1248 1371 1453 1408; x_wconf 88' lang='lat' dir='ltr'>incertum:</span> <span class='ocrx_word' id='word_1_144' title='bbox 1492 1371 1661 1422; x_wconf 79' lang='lat' dir='ltr'>Porphy-</span> 
     </span>
     <span class='ocr_line' id='line_1_18' title="bbox 186 1440 1662 1491; baseline 0.001 -12"><span class='ocrx_word' id='word_1_145' title='bbox 186 1444 242 1480; x_wconf 93' lang='lat' dir='ltr'>rio</span> <span class='ocrx_word' id='word_1_146' title='bbox 283 1442 318 1479; x_wconf 88' lang='lat' dir='ltr'>in</span> <span class='ocrx_word' id='word_1_147' title='bbox 354 1441 500 1478; x_wconf 84' lang='lat' dir='ltr'>Horatii</span> <span class='ocrx_word' id='word_1_148' title='bbox 541 1441 701 1479; x_wconf 85' lang='lat' dir='ltr'>carm.l</span> <span class='ocrx_word' id='word_1_149' title='bbox 743 1442 813 1489; x_wconf 68' lang='lat'>10,</span> <span class='ocrx_word' id='word_1_150' title='bbox 847 1441 899 1479; x_wconf 75' lang='lat'>46</span> <span class='ocrx_word' id='word_1_151' title='bbox 945 1447 1121 1491; x_wconf 88' lang='lat' dir='ltr'>quattuor</span> <span class='ocrx_word' id='word_1_152' title='bbox 1166 1440 1285 1478; x_wconf 87' lang='lat' dir='ltr'>fuisse</span> <span class='ocrx_word' id='word_1_153' title='bbox 1330 1446 1511 1478; x_wconf 86' lang='lat' dir='ltr'>testatur:</span> <span class='ocrx_word' id='word_1_154' title='bbox 1561 1443 1662 1491; x_wconf 90' lang='lat' dir='ltr'>quod</span> 
     </span>
     <span class='ocr_line' id='line_1_19' title="bbox 188 1509 1662 1561; baseline -0.001 -10"><span class='ocrx_word' id='word_1_155' title='bbox 188 1519 320 1551; x_wconf 87' lang='lat' dir='ltr'>contra</span> <span class='ocrx_word' id='word_1_156' title='bbox 361 1512 533 1550; x_wconf 77' lang='lat' dir='ltr'>Donatus</span> <span class='ocrx_word' id='word_1_157' title='bbox 572 1512 606 1548; x_wconf 90' lang='lat' dir='ltr'>in</span> <span class='ocrx_word' id='word_1_158' title='bbox 643 1511 731 1548; x_wconf 84' lang='lat' dir='ltr'>Ter.</span> <span class='ocrx_word' id='word_1_159' title='bbox 770 1511 919 1548; x_wconf 89' lang='lat' dir='ltr'>Phorm.</span> <span class='ocrx_word' id='word_1_160' title='bbox 956 1511 989 1548; x_wconf 94' lang='lat' dir='ltr'>Il</span> <span class='ocrx_word' id='word_1_161' title='bbox 1029 1511 1075 1558; x_wconf 27' lang='grc' dir='ltr'>,εὶς</span> <span class='ocrx_word' id='word_1_162' title='bbox 1116 1509 1167 1547; x_wconf 75' lang='lat'>25</span> <span class='ocrx_word' id='word_1_163' title='bbox 1209 1522 1228 1547; x_wconf 95' lang='lat' dir='ltr'>e</span> <span class='ocrx_word' id='word_1_164' title='bbox 1265 1516 1377 1547; x_wconf 85' lang='lat' dir='ltr'>sexto</span> <span class='ocrx_word' id='word_1_165' title='bbox 1412 1511 1662 1561; x_wconf 81' lang='lat' dir='ltr'><strong>fragmentum</strong></span> 
     </span>
     <span class='ocr_line' id='line_1_20' title="bbox 188 1580 1662 1631; baseline 0 -12"><span class='ocrx_word' id='word_1_166' title='bbox 188 1583 328 1619; x_wconf 86' lang='lat' dir='ltr'>citauit.</span> <span class='ocrx_word' id='word_1_167' title='bbox 392 1581 561 1629; x_wconf 86' lang='lat' dir='ltr'>Quorum</span> <span class='ocrx_word' id='word_1_168' title='bbox 593 1581 640 1618; x_wconf 89' lang='lat' dir='ltr'>de</span> <span class='ocrx_word' id='word_1_169' title='bbox 674 1582 795 1631; x_wconf 91' lang='lat' dir='ltr'>primo</span> <span class='ocrx_word' id='word_1_170' title='bbox 828 1587 864 1618; x_wconf 91' lang='lat' dir='ltr'>et</span> <span class='ocrx_word' id='word_1_171' title='bbox 902 1580 1071 1618; x_wconf 86' lang='lat' dir='ltr'>secundo</span> <span class='ocrx_word' id='word_1_172' title='bbox 1104 1580 1155 1617; x_wconf 92' lang='lat' dir='ltr'>nil</span> <span class='ocrx_word' id='word_1_173' title='bbox 1198 1581 1356 1630; x_wconf 85' lang='lat' dir='ltr'>contigit</span> <span class='ocrx_word' id='word_1_174' title='bbox 1391 1593 1410 1618; x_wconf 94' lang='lat' dir='ltr'>e</span> <span class='ocrx_word' id='word_1_175' title='bbox 1439 1581 1662 1630; x_wconf 79' lang='lat' dir='ltr'>fragmentis</span> 
     </span>
     <span class='ocr_line' id='line_1_21' title="bbox 188 1650 1661 1705; baseline 0.001 -16"><span class='ocrx_word' id='word_1_176' title='bbox 188 1651 401 1702; x_wconf 81' lang='lat' dir='ltr'>dispicere:</span> <span class='ocrx_word' id='word_1_177' title='bbox 436 1651 548 1705; x_wconf 82' lang='lat' dir='ltr'>tertio</span> <span class='ocrx_word' id='word_1_178' title='bbox 581 1657 704 1688; x_wconf 87' lang='lat' dir='ltr'>autem</span> <span class='ocrx_word' id='word_1_179' title='bbox 737 1652 998 1702; x_wconf 84' lang='lat' dir='ltr'>Scipionis</span> <span class='ocrx_word' id='word_1_180' title='bbox 1026 1662 1164 1688; x_wconf 89' lang='lat' dir='ltr'>nomen</span> <span class='ocrx_word' id='word_1_181' title='bbox 1190 1651 1364 1701; x_wconf 81' lang='lat' dir='ltr'>praefixi.</span> <span class='ocrx_word' id='word_1_182' title='bbox 1426 1650 1534 1689; x_wconf 88' lang='lat' dir='ltr'>Enim</span> <span class='ocrx_word' id='word_1_183' title='bbox 1567 1665 1661 1691; x_wconf 92' lang='lat' dir='ltr'>uero</span> 
     </span>
     <span class='ocr_line' id='line_1_22' title="bbox 188 1719 1661 1773; baseline 0.001 -15"><span class='ocrx_word' id='word_1_184' title='bbox 188 1727 313 1759; x_wconf 85' lang='lat' dir='ltr'>satura</span> <span class='ocrx_word' id='word_1_185' title='bbox 346 1727 403 1758; x_wconf 89' lang='lat' dir='ltr'>est</span> <span class='ocrx_word' id='word_1_186' title='bbox 434 1722 587 1771; x_wconf 85' lang='lat' dir='ltr'>Scipio:</span> <span class='ocrx_word' id='word_1_187' title='bbox 631 1722 733 1772; x_wconf 85' lang='lat' dir='ltr'>quod</span> <span class='ocrx_word' id='word_1_188' title='bbox 767 1722 854 1758; x_wconf 88' lang='lat' dir='ltr'>olim</span> <span class='ocrx_word' id='word_1_189' title='bbox 887 1720 1091 1759; x_wconf 75' lang='lat' dir='ltr'>Lei-sollius</span> <span class='ocrx_word' id='word_1_190' title='bbox 1122 1719 1216 1756; x_wconf 77' lang='lat' dir='ltr'>Mus.</span> <span class='ocrx_word' id='word_1_191' title='bbox 1247 1720 1368 1758; x_wconf 86' lang='lat' dir='ltr'>Rhen.</span> <span class='ocrx_word' id='word_1_192' title='bbox 1402 1721 1436 1758; x_wconf 79' lang='lat' dir='ltr'>V</span> <span class='ocrx_word' id='word_1_193' title='bbox 1463 1721 1543 1760; x_wconf 54' lang='lat'>4¹16</span> <span class='ocrx_word' id='word_1_194' title='bbox 1574 1735 1661 1773; x_wconf 87' lang='lat' dir='ltr'>pro-</span> 
     </span>
     <span class='ocr_line' id='line_1_23' title="bbox 186 1791 1662 1842; baseline 0.002 -14"><span class='ocrx_word' id='word_1_195' title='bbox 186 1792 314 1842; x_wconf 80' lang='lat' dir='ltr'>posuit</span> <span class='ocrx_word' id='word_1_196' title='bbox 350 1792 525 1842; x_wconf 68' lang='lat' dir='ltr'>quidem7</span> <span class='ocrx_word' id='word_1_197' title='bbox 568 1791 634 1829; x_wconf 89' lang='lat' dir='ltr'>sed</span> <span class='ocrx_word' id='word_1_198' title='bbox 676 1804 759 1829; x_wconf 84' lang='lat' dir='ltr'>cum</span> <span class='ocrx_word' id='word_1_199' title='bbox 801 1793 902 1828; x_wconf 86' lang='lat' dir='ltr'>ueris</span> <span class='ocrx_word' id='word_1_200' title='bbox 934 1791 1031 1828; x_wconf 85' lang='lat' dir='ltr'>salsa</span> <span class='ocrx_word' id='word_1_201' title='bbox 1074 1796 1110 1828; x_wconf 88' lang='lat' dir='ltr'>et</span> <span class='ocrx_word' id='word_1_202' title='bbox 1140 1791 1267 1840; x_wconf 84' lang='lat' dir='ltr'>inepta</span> <span class='ocrx_word' id='word_1_203' title='bbox 1299 1792 1501 1840; x_wconf 70' lang='lat' dir='ltr'>misceret,</span> <span class='ocrx_word' id='word_1_204' title='bbox 1538 1792 1662 1831; x_wconf 82' lang='lat' dir='ltr'>bonae</span> 
     </span>
     <span class='ocr_line' id='line_1_24' title="bbox 187 1859 1662 1913; baseline 0.001 -14"><span class='ocrx_word' id='word_1_205' title='bbox 187 1863 432 1899; x_wconf 84' lang='lat' dir='ltr'>coniecturae</span> <span class='ocrx_word' id='word_1_206' title='bbox 465 1873 596 1911; x_wconf 88' lang='lat' dir='ltr'>parum</span> <span class='ocrx_word' id='word_1_207' title='bbox 628 1862 716 1899; x_wconf 78' lang='lat' dir='ltr'>[idei</span> <span class='ocrx_word' id='word_1_208' title='bbox 745 1862 992 1911; x_wconf 86' lang='lat' dir='ltr'>comparauit.</span> <span class='ocrx_word' id='word_1_209' title='bbox 1055 1859 1160 1909; x_wconf 78' lang='lat' dir='ltr'>Ergo</span> <span class='ocrx_word' id='word_1_210' title='bbox 1199 1872 1218 1897; x_wconf 92' lang='lat' dir='ltr'>e</span> <span class='ocrx_word' id='word_1_211' title='bbox 1249 1861 1432 1911; x_wconf 77' lang='lat' dir='ltr'>Scipione</span> <span class='ocrx_word' id='word_1_212' title='bbox 1464 1863 1532 1900; x_wconf 87' lang='lat' dir='ltr'>tria</span> <span class='ocrx_word' id='word_1_213' title='bbox 1560 1863 1662 1913; x_wconf 85' lang='lat' dir='ltr'>frag-</span> 
     </span>
     <span class='ocr_line' id='line_1_25' title="bbox 185 1931 1663 1980; baseline 0.002 -12"><span class='ocrx_word' id='word_1_214' title='bbox 185 1937 309 1968; x_wconf 89' lang='lat' dir='ltr'>menta</span> <span class='ocrx_word' id='word_1_215' title='bbox 346 1931 567 1968; x_wconf 87' lang='lat' dir='ltr'>adferuntur</span> <span class='ocrx_word' id='word_1_216' title='bbox 603 1931 768 1968; x_wconf 76' lang='lat' dir='ltr'>diserte:</span> <span class='ocrx_word' id='word_1_217' title='bbox 805 1931 878 1968; x_wconf 85' lang='lat' dir='ltr'>duo</span> <span class='ocrx_word' id='word_1_218' title='bbox 916 1931 1146 1980; x_wconf 82' lang='lat' dir='ltr'>septenariis</span> <span class='ocrx_word' id='word_1_219' title='bbox 1181 1931 1388 1968; x_wconf 82' lang='lat' dir='ltr'>trochaicis</span> <span class='ocrx_word' id='word_1_220' title='bbox 1421 1932 1663 1972; x_wconf 83' lang='lat' dir='ltr'>decurrentia</span> 
     </span>
     <span class='ocr_line' id='line_1_26' title="bbox 187 1998 1660 2051; baseline 0.003 -14"><span class='ocrx_word' id='word_1_221' title='bbox 187 2000 272 2049; x_wconf 89' lang='lat' dir='ltr'>(IV.</span> <span class='ocrx_word' id='word_1_222' title='bbox 303 1998 376 2051; x_wconf 85' lang='lat' dir='ltr'>V):</span> <span class='ocrx_word' id='word_1_223' title='bbox 414 2011 573 2050; x_wconf 88' lang='lat' dir='ltr'>quorum</span> <span class='ocrx_word' id='word_1_224' title='bbox 613 2000 687 2037; x_wconf 88' lang='lat' dir='ltr'>hoc</span> <span class='ocrx_word' id='word_1_225' title='bbox 720 1999 795 2049; x_wconf 78' lang='lat' dir='ltr'>(V)</span> <span class='ocrx_word' id='word_1_226' title='bbox 835 2000 935 2049; x_wconf 88' lang='lat' dir='ltr'>quod</span> <span class='ocrx_word' id='word_1_227' title='bbox 976 2001 1123 2038; x_wconf 86' lang='lat' dir='ltr'>Gellius</span> <span class='ocrx_word' id='word_1_228' title='bbox 1154 2000 1206 2038; x_wconf 86' lang='lat' dir='ltr'>IV</span> <span class='ocrx_word' id='word_1_229' title='bbox 1238 2002 1260 2038; x_wconf 84' lang='lat'><strong>7</strong></span> <span class='ocrx_word' id='word_1_230' title='bbox 1299 2001 1411 2039; x_wconf 85' lang='lat' dir='ltr'>tradit</span> <span class='ocrx_word' id='word_1_231' title='bbox 1451 2015 1471 2040; x_wconf 91' lang='lat' dir='ltr'>e</span> <span class='ocrx_word' id='word_1_232' title='bbox 1505 2004 1660 2042; x_wconf 75' lang='lat' dir='ltr'>‘libro</span> 
     </span>
     <span class='ocr_line' id='line_1_27' title="bbox 187 2069 1661 2120; baseline 0.003 -14"><span class='ocrx_word' id='word_1_233' title='bbox 187 2070 265 2120; x_wconf 84' lang='lat' dir='ltr'>qui</span> <span class='ocrx_word' id='word_1_234' title='bbox 299 2070 472 2120; x_wconf 86' lang='lat' dir='ltr'>Scipio</span> <span class='ocrx_word' id='word_1_235' title='bbox 511 2069 831 2107; x_wconf 80' lang='lat' dir='ltr'>inscribitur’</span> <span class='ocrx_word' id='word_1_236' title='bbox 874 2070 1138 2120; x_wconf 88' lang='lat' dir='ltr'>depromptum</span> <span class='ocrx_word' id='word_1_237' title='bbox 1170 2071 1280 2108; x_wconf 84' lang='lat' dir='ltr'>dicit:</span> <span class='ocrx_word' id='word_1_238' title='bbox 1318 2071 1437 2120; x_wconf 67' lang='lat' dir='ltr'>unde7</span> <span class='ocrx_word' id='word_1_239' title='bbox 1482 2085 1564 2110; x_wconf 89' lang='lat' dir='ltr'>cum</span> <span class='ocrx_word' id='word_1_240' title='bbox 1598 2087 1661 2111; x_wconf 89' lang='lat' dir='ltr'>ue-</span> 
     </span>
     <span class='ocr_line' id='line_1_28' title="bbox 187 2139 1659 2192; baseline 0.003 -16"><span class='ocrx_word' id='word_1_241' title='bbox 187 2145 290 2176; x_wconf 89' lang='lat' dir='ltr'>teres</span> <span class='ocrx_word' id='word_1_242' title='bbox 329 2139 490 2189; x_wconf 88' lang='lat' dir='ltr'>quoduis</span> <span class='ocrx_word' id='word_1_243' title='bbox 531 2151 684 2176; x_wconf 87' lang='lat' dir='ltr'>carmen</span> <span class='ocrx_word' id='word_1_244' title='bbox 728 2140 840 2189; x_wconf 89' lang='lat' dir='ltr'>paulo</span> <span class='ocrx_word' id='word_1_245' title='bbox 878 2140 1029 2189; x_wconf 80' lang='lat' dir='ltr'>longius</span> <span class='ocrx_word' id='word_1_246' title='bbox 1069 2141 1204 2177; x_wconf 85' lang='lat' dir='ltr'>librum</span> <span class='ocrx_word' id='word_1_247' title='bbox 1237 2141 1479 2191; x_wconf 88' lang='lat' dir='ltr'>adpellarent-</span> <span class='ocrx_word' id='word_1_248' title='bbox 1510 2143 1582 2192; x_wconf 85' lang='lat' dir='ltr'>(cf.</span> <span class='ocrx_word' id='word_1_249' title='bbox 1615 2143 1659 2181; x_wconf 91' lang='lat' dir='ltr'>O.</span> 
     </span>
     <span class='ocr_line' id='line_1_29' title="bbox 184 2209 1659 2265; baseline 0.004 -19"><span class='ocrx_word' id='word_1_250' title='bbox 184 2209 307 2246; x_wconf 81' lang='lat' dir='ltr'>Jahnii</span> <span class='ocrx_word' id='word_1_251' title='bbox 341 2221 474 2247; x_wconf 89' lang='lat' dir='ltr'>comm.</span> <span class='ocrx_word' id='word_1_252' title='bbox 505 2212 540 2247; x_wconf 93' lang='lat' dir='ltr'>in</span> <span class='ocrx_word' id='word_1_253' title='bbox 568 2210 671 2247; x_wconf 86' lang='lat' dir='ltr'>Pers.</span> <span class='ocrx_word' id='word_1_254' title='bbox 707 2209 828 2259; x_wconf 65' lang='grc'><strong>1).98.</strong></span> <span class='ocrx_word' id='word_1_255' title='bbox 862 2211 1132 2249; x_wconf 84' lang='lat' dir='ltr'>Petermannus</span> <span class='ocrx_word' id='word_1_256' title='bbox 1161 2211 1207 2248; x_wconf 88' lang='lat' dir='ltr'>de</span> <span class='ocrx_word' id='word_1_257' title='bbox 1241 2218 1366 2249; x_wconf 81' lang='lat' dir='ltr'>satura</span> <span class='ocrx_word' id='word_1_258' title='bbox 1398 2212 1506 2250; x_wconf 90' lang='lat' dir='ltr'>Ennii</span> <span class='ocrx_word' id='word_1_259' title='bbox 1534 2226 1570 2264; x_wconf 89' lang='lat' dir='ltr'>p.</span> <span class='ocrx_word' id='word_1_260' title='bbox 1598 2215 1659 2265; x_wconf 77' lang='lat'>3),</span> 
     </span>
     <span class='ocr_line' id='line_1_30' title="bbox 186 2280 1659 2331; baseline 0.004 -17"><span class='ocrx_word' id='word_1_261' title='bbox 186 2290 259 2315; x_wconf 89' lang='lat' dir='ltr'>non</span> <span class='ocrx_word' id='word_1_262' title='bbox 290 2280 410 2328; x_wconf 84' lang='lat' dir='ltr'>magis</span> <span class='ocrx_word' id='word_1_263' title='bbox 444 2280 518 2317; x_wconf 91' lang='lat' dir='ltr'>illis</span> <span class='ocrx_word' id='word_1_264' title='bbox 547 2281 609 2330; x_wconf 87' lang='lat' dir='ltr'>qui</span> <span class='ocrx_word' id='word_1_265' title='bbox 646 2280 736 2317; x_wconf 89' lang='lat' dir='ltr'>olim</span> <span class='ocrx_word' id='word_1_266' title='bbox 769 2281 1006 2329; x_wconf 80' lang='lat' dir='ltr'>tragoediam</span> <span class='ocrx_word' id='word_1_267' title='bbox 1043 2281 1228 2331; x_wconf 89' lang='lat' dir='ltr'>quandam</span> <span class='ocrx_word' id='word_1_268' title='bbox 1262 2282 1481 2331; x_wconf 87' lang='lat' dir='ltr'>Scipionem</span> <span class='ocrx_word' id='word_1_269' title='bbox 1522 2285 1659 2320; x_wconf 86' lang='lat' dir='ltr'>somni-</span> 
     </span>
     <span class='ocr_line' id='line_1_31' title="bbox 184 2349 1659 2402; baseline 0.003 -17"><span class='ocrx_word' id='word_1_270' title='bbox 184 2354 291 2385; x_wconf 86' lang='lat' dir='ltr'>arent</span> <span class='ocrx_word' id='word_1_271' title='bbox 327 2349 565 2387; x_wconf 88' lang='lat' dir='ltr'>obstaculum</span> <span class='ocrx_word' id='word_1_272' title='bbox 609 2362 717 2400; x_wconf 85' lang='lat' dir='ltr'>quam</span> <span class='ocrx_word' id='word_1_273' title='bbox 759 2350 868 2387; x_wconf 85' lang='lat' dir='ltr'>nobis</span> <span class='ocrx_word' id='word_1_274' title='bbox 905 2353 966 2402; x_wconf 89' lang='lat' dir='ltr'>qui</span> <span class='ocrx_word' id='word_1_275' title='bbox 1012 2359 1174 2390; x_wconf 83' lang='lat' dir='ltr'>saturam</span> <span class='ocrx_word' id='word_1_276' title='bbox 1218 2353 1379 2390; x_wconf 87' lang='lat' dir='ltr'>uelimus</span> <span class='ocrx_word' id='word_1_277' title='bbox 1428 2353 1659 2402; x_wconf 86' lang='lat' dir='ltr'>praesidium</span> 
     </span>
     <span class='ocr_line' id='line_1_32' title="bbox 184 2419 1657 2469; baseline 0.003 -14"><span class='ocrx_word' id='word_1_278' title='bbox 184 2419 362 2456; x_wconf 86' lang='lat' dir='ltr'>nascitur.</span> <span class='ocrx_word' id='word_1_279' title='bbox 433 2419 599 2457; x_wconf 83' lang='lat' dir='ltr'>Tertium</span> <span class='ocrx_word' id='word_1_280' title='bbox 639 2432 658 2457; x_wconf 92' lang='lat' dir='ltr'>e</span> <span class='ocrx_word' id='word_1_281' title='bbox 701 2420 884 2469; x_wconf 81' lang='lat' dir='ltr'>Scipione</span> <span class='ocrx_word' id='word_1_282' title='bbox 935 2434 1084 2459; x_wconf 85' lang='lat' dir='ltr'>uersum</span> <span class='ocrx_word' id='word_1_283' title='bbox 1121 2421 1340 2459; x_wconf 80' lang='lat' dir='ltr'>Macrobius</span> <span class='ocrx_word' id='word_1_284' title='bbox 1384 2422 1510 2459; x_wconf 87' lang='lat' dir='ltr'>citauit</span> <span class='ocrx_word' id='word_1_285' title='bbox 1547 2422 1598 2460; x_wconf 69' lang='lat' dir='ltr'>vl</span> <span class='ocrx_word' id='word_1_286' title='bbox 1634 2424 1657 2461; x_wconf 87' lang='grc'>4</span> 
     </span>
     <span class='ocr_line' id='line_1_33' title="bbox 186 2488 1659 2543; baseline 0.003 -19"><span class='ocrx_word' id='word_1_287' title='bbox 186 2500 221 2538; x_wconf 87' lang='lat' dir='ltr'>p.</span> <span class='ocrx_word' id='word_1_288' title='bbox 265 2488 345 2527; x_wconf 81' lang='lat'>519</span> <span class='ocrx_word' id='word_1_289' title='bbox 384 2489 467 2526; x_wconf 87' lang='lat' dir='ltr'>Jan.</span> <span class='ocrx_word' id='word_1_290' title='bbox 514 2497 584 2527; x_wconf 79' lang='lat' dir='ltr'>lum</span> <span class='ocrx_word' id='word_1_291' title='bbox 620 2494 769 2538; x_wconf 67' lang='lat' dir='ltr'>fert-eus</span> <span class='ocrx_word' id='word_1_292' title='bbox 814 2493 926 2528; x_wconf 77' lang='lat' dir='ltr'>Izaslis</span> <span class='ocrx_word' id='word_1_293' title='bbox 971 2495 1111 2530; x_wconf 78' lang='lat' dir='ltr'>Horret</span> <span class='ocrx_word' id='word_1_294' title='bbox 1157 2506 1246 2542; x_wconf 65' lang='lat' dir='ltr'>asser</span> <span class='ocrx_word' id='word_1_295' title='bbox 1287 2494 1499 2543; x_wconf 78' lang='lat' dir='ltr'>[campique</span> <span class='ocrx_word' id='word_1_296' title='bbox 1546 2497 1659 2529; x_wconf 83' lang='lat' dir='ltr'>armis</span> 
     </span>
     <span class='ocr_line' id='line_1_34' title="bbox 184 2559 1661 2610; baseline 0.003 -16"><span class='ocrx_word' id='word_1_297' title='bbox 184 2560 388 2595; x_wconf 77' lang='lat' dir='ltr'>sublimibus</span> <span class='ocrx_word' id='word_1_298' title='bbox 416 2562 558 2597; x_wconf 69' lang='lat' dir='ltr'>ardent.</span> <span class='ocrx_word' id='word_1_299' title='bbox 591 2560 688 2597; x_wconf 84' lang='lat' dir='ltr'>Aen.</span> <span class='ocrx_word' id='word_1_300' title='bbox 714 2559 766 2597; x_wconf 88' lang='lat' dir='ltr'>XI</span> <span class='ocrx_word' id='word_1_301' title='bbox 795 2561 866 2598; x_wconf 82' lang='grc'>60]</span> <span class='ocrx_word' id='word_1_302' title='bbox 905 2561 997 2610; x_wconf 81' lang='lat' dir='ltr'>sq.].</span> <span class='ocrx_word' id='word_1_303' title='bbox 1058 2566 1197 2600; x_wconf 79' lang='lat' dir='ltr'>Horret</span> <span class='ocrx_word' id='word_1_304' title='bbox 1225 2567 1315 2600; x_wconf 70' lang='lat' dir='ltr'>mire</span> <span class='ocrx_word' id='word_1_305' title='bbox 1343 2575 1382 2599; x_wconf 82' lang='lat' dir='ltr'>se</span> <span class='ocrx_word' id='word_1_306' title='bbox 1411 2565 1527 2600; x_wconf 78' lang='lat' dir='ltr'>habel.</span> <span class='ocrx_word' id='word_1_307' title='bbox 1588 2565 1661 2599; x_wconf 78' lang='lat' dir='ltr'>Sed</span> 
     </span>
     <span class='ocr_line' id='line_1_35' title="bbox 186 2630 1654 2683; baseline 0.004 -20"><span class='ocrx_word' id='word_1_308' title='bbox 186 2634 219 2663; x_wconf 76' lang='lat' dir='ltr'>et</span> <span class='ocrx_word' id='word_1_309' title='bbox 247 2631 389 2665; x_wconf 71' lang='lat' dir='ltr'>Ennius</span> <span class='ocrx_word' id='word_1_310' title='bbox 419 2634 453 2666; x_wconf 78' lang='lat' dir='ltr'>in</span> <span class='ocrx_word' id='word_1_311' title='bbox 485 2637 615 2677; x_wconf 79' lang='lat' dir='ltr'>quarlo</span> <span class='ocrx_word' id='word_1_312' title='bbox 645 2633 780 2668; x_wconf 73' lang='lat' dir='ltr'>decimo</span> <span class='ocrx_word' id='word_1_313' title='bbox 814 2630 916 2681; x_wconf 71' lang='lat' dir='ltr'>[VII]</span> <span class='ocrx_word' id='word_1_314' title='bbox 956 2640 988 2668; x_wconf 78' lang='lat' dir='ltr'>el</span> <span class='ocrx_word' id='word_1_315' title='bbox 1016 2636 1051 2669; x_wconf 77' lang='lat' dir='ltr'>in</span> <span class='ocrx_word' id='word_1_316' title='bbox 1084 2635 1287 2670; x_wconf 77' lang='lat' dir='ltr'>Erechllzeo</span> <span class='ocrx_word' id='word_1_317' title='bbox 1320 2631 1402 2683; x_wconf 78' lang='lat' dir='ltr'>[Vl]</span> <span class='ocrx_word' id='word_1_318' title='bbox 1446 2639 1478 2669; x_wconf 80' lang='lat' dir='ltr'>el</span> <span class='ocrx_word' id='word_1_319' title='bbox 1514 2636 1549 2669; x_wconf 79' lang='lat' dir='ltr'>in</span> <span class='ocrx_word' id='word_1_320' title='bbox 1577 2635 1654 2670; x_wconf 80' lang='lat' dir='ltr'>Sci-</span> 
     </span>
     <span class='ocr_line' id='line_1_36' title="bbox 178 2700 1654 2749; baseline 0.004 -17"><span class='ocrx_word' id='word_1_321' title='bbox 178 2701 306 2743; x_wconf 77' lang='lat' dir='ltr'>pione.-</span> <span class='ocrx_word' id='word_1_322' title='bbox 343 2704 485 2745; x_wconf 66' lang='lat' dir='ltr'>sparsis</span> <span class='ocrx_word' id='word_1_323' title='bbox 513 2702 626 2737; x_wconf 78' lang='lat' dir='ltr'>hastis</span> <span class='ocrx_word' id='word_1_324' title='bbox 657 2705 770 2749; x_wconf 73' lang='lat' dir='ltr'>longyis</span> <span class='ocrx_word' id='word_1_325' title='bbox 805 2714 957 2748; x_wconf 74' lang='lat' dir='ltr'>campus</span> <span class='ocrx_word' id='word_1_326' title='bbox 994 2706 1157 2749; x_wconf 73' lang='lat' dir='ltr'>splendet</span> <span class='ocrx_word' id='word_1_327' title='bbox 1193 2710 1226 2739; x_wconf 76' lang='lat' dir='ltr'>et</span> <span class='ocrx_word' id='word_1_328' title='bbox 1261 2705 1387 2739; x_wconf 72' lang='lat' dir='ltr'>horret</span> <span class='ocrx_word' id='word_1_329' title='bbox 1412 2700 1520 2749; x_wconf 71' lang='lat' dir='ltr'><strong>(VI).</strong></span> <span class='ocrx_word' id='word_1_330' title='bbox 1581 2701 1654 2738; x_wconf 81' lang='lat' dir='ltr'>Ru-</span> 
     </span>
     <span class='ocr_line' id='line_1_37' title="bbox 184 2765 1653 2821; baseline 0.004 -19"><span class='ocrx_word' id='word_1_331' title='bbox 184 2765 240 2802; x_wconf 86' lang='lat' dir='ltr'>dis</span> <span class='ocrx_word' id='word_1_332' title='bbox 276 2767 475 2805; x_wconf 88' lang='lat' dir='ltr'>admodum</span> <span class='ocrx_word' id='word_1_333' title='bbox 517 2774 555 2805; x_wconf 83' lang='lat' dir='ltr'>et</span> <span class='ocrx_word' id='word_1_334' title='bbox 595 2770 761 2806; x_wconf 87' lang='lat' dir='ltr'>insuauis</span> <span class='ocrx_word' id='word_1_335' title='bbox 803 2771 833 2807; x_wconf 91' lang='lat' dir='ltr'>si</span> <span class='ocrx_word' id='word_1_336' title='bbox 873 2770 930 2807; x_wconf 83' lang='lat' dir='ltr'>(lis</span> <span class='ocrx_word' id='word_1_337' title='bbox 972 2770 1099 2820; x_wconf 85' lang='lat' dir='ltr'>placet</span> <span class='ocrx_word' id='word_1_338' title='bbox 1138 2771 1362 2810; x_wconf 82' lang='lat' dir='ltr'>hexameter</span> <span class='ocrx_word' id='word_1_339' title='bbox 1409 2784 1520 2821; x_wconf 86' lang='lat' dir='ltr'>quem</span> <span class='ocrx_word' id='word_1_340' title='bbox 1566 2772 1653 2809; x_wconf 91' lang='lat' dir='ltr'>inri-</span> 
     </span>
    </p>
   </div>
  </div>
 </body>
</html>
