1762 3057
626 181 958 218 PRAEFATIO
1496 187 1543 216 XI

70 298 175 334 exim
205 292 318 348 quod
359 297 423 332 est
452 292 495 331 in
526 290 649 331 Leid.
677 305 702 331 ξι
742 296 783 331 et
812 290 860 342 b7
899 289 984 330 nisi
1010 290 1124 346 quod
1160 290 1203 330 in
1234 288 1308 330 illo
1339 294 1547 330 mutatum

73 373 115 412 in
145 377 239 413 exin
355 373 407 411 46
433 363 615 421 'coqnala
641 369 763 410 Leid.
795 384 820 409 ξι
848 368 890 409 b.
918 375 1075 421 coqm'la
1108 369 1232 411 Leid.
1262 383 1285 409 e
1396 381 1548 419 aeren-

71 454 148 491 dae
182 449 304 490 Leid.
336 464 361 489 a
388 449 415 490 b
447 466 469 489 o
584 452 651 490 417.
686 450 738 489 48
779 449 951 489 inuerso
982 450 1132 491 ordine
1170 450 1271 491 item
1300 447 1423 489 Leid.
1456 461 1482 487 ξι
1507 446 1547 499 b,

70 544 157 571 non
186 543 208 569 c
321 531 454 577 elatus
474 528 596 569 Leid.
618 543 642 568 a
756 532 855 569 haec
868 537 988 579 paler
1003 532 1128 579 effct“¹⁸
1144 542 1339 580 yermcma
1360 526 1485 568 Leid.
1505 525 1547 566 b.

71 612 169 650 haec
190 611 303 658 fatus
317 615 434 658 paler
451 614 488 648 el
503 621 697 658 (Jermana
726 607 848 648 Leid.
868 623 890 648 e
1007 610 1059 647 50
1080 622 1306 660 quanquam
1328 606 1449 647 Leid.
1470 619 1494 647 c

129 689 173 727 51
211 691 440 728 lacrumans
458 687 580 727 Leid.
601 701 625 727 a
644 686 671 727 b
789 688 841 726 52
871 701 957 728 cam
980 686 1103 727 Leid.
1122 686 1150 727 b
1169 701 1204 727 e.
1226 695 1305 728 lam
1322 686 1444 728 Leid.
1469 700 1495 726 a

128 766 147 807 I
187 765 240 806 fr.
284 765 410 805 LVII
453 765 607 806 addas:
660 765 882 807 Consentii
923 766 1007 807 Ars
1055 780 1096 821 p.
1139 768 1162 805 5
1211 766 1405 806 <Ennius
1446 764 1550 806 dicit

68 846 319 902 plerumque
370 844 810 900 induperatorem
860 859 937 900 pro
983 846 1273 901 imperatore.’
1328 844 1383 885 ef.
1433 844 1546 885 Ann.

72 926 166 966 332.
194 926 289 965 350.
318 924 398 963 552
472 960 475 962 .
515 924 566 964 ὅθ
595 932 777 965 caralum
805 924 928 965 Leid.
959 939 983 964 a
1008 923 1049 965 b.
1081 926 1216 966 curali
1246 924 1369 965 Leid.
1402 939 1444 976 ος
1475 922 1551 964 sed

71 1004 253 1045 fortasse
297 1018 351 1044 ne
394 1003 457 1043 sie
496 1002 668 1058 quidem
713 1003 924 1044 debebam
967 1003 1020 1044 de
1059 1003 1235 1058 uulgato
1279 1007 1552 1054 concupientes

72 1082 268 1124 dubitare
385 1084 437 1122 ³52
476 1087 515 1123 in
551 1090 676 1123 monle
714 1085 859 1133 Remus
896 1082 1020 1123 Leid.
1062 1098 1087 1122 ξι
1124 1081 1152 1122 b
1191 1098 1214 1123 e
1338 1086 1555 1124 deuouerat

70 1176 172 1214 quae
200 1161 323 1202 Leid.
355 1176 381 1201 a
413 1176 435 1202 e
551 1163 603 1202 {³3
640 1165 745 1202 solus
778 1153 850 1201 aa}
885 1170 1021 1202 seraa(
1048 1162 1171 1203 Leid.
1205 1177 1229 1202 a
1260 1178 1282 1202 e
1398 1164 1448 1201 84
1477 1165 1554 1201 alte

73 1246 272 1283 uolantum
303 1240 425 1281 Leid.
455 1255 482 1281 a
511 1239 537 1280 b
568 1255 590 1280 e
707 1242 758 1280 85
797 1254 948 1281 romam
979 1255 1226 1282 remoramtw
1257 1240 1380 1281 Leid.
1412 1254 1449 1280 ξι.
1481 1254 1552 1280 ro-

70 1335 173 1362 mam
190 1334 387 1362 remoram
407 1334 530 1370 neque
548 1319 670 1360 Leid.
692 1334 728 1360 e.
758 1333 909 1361 romam
939 1334 1022 1361 rem
1049 1324 1093 1376 ss
1116 1323 1159 1376 ss
1182 1336 1297 1362 amne
1325 1319 1447 1361 Leid.
1468 1319 1495 1360 b

128 1401 179 1441 87
210 1400 403 1454 corrige:
443 1413 556 1450 quom
589 1403 762 1440 millet-e:
794 1399 874 1441 hoo
904 1400 1017 1440 enim
1046 1402 1243 1441 cbmillere
1271 1399 1407 1452 ualet,
1440 1399 1555 1455 quod

72 1484 136 1519 est
175 1479 219 1519 in
255 1478 377 1520 Leid.
419 1493 464 1530 a3
507 1492 594 1518 cum
635 1479 824 1519 correxit
865 1480 909 1519 in
949 1494 1032 1520 com
1074 1480 1197 1520 Leid.
1242 1480 1266 1521 b
1383 1480 1435 1519 88
1472 1484 1555 1519 uult

71 1558 193 1599 Leid.
240 1557 267 1598 b
308 1572 330 1598 e
446 1561 546 1598 caude·
575 1556 698 1598 Leid.
739 1574 760 1598 c
877 1561 929 1599 S‘.)
969 1574 1047 1610 qua
1088 1574 1180 1600 moa:
1214 1559 1337 1601 Leid.
1365 1573 1390 1598 a
1420 1557 1447 1598 b
1475 1572 1498 1598 e

129 1639 181 1675 90
205 1650 272 1678 ore
291 1640 448 1677 timebat
464 1636 586 1677 Leid.
614 1635 727 1690 abc,
760 1638 842 1678 nisi
863 1638 976 1693 quod
1003 1638 1126 1679 Leid.
1149 1654 1172 1679 e
1201 1642 1387 1680 timebant
1501 1638 1553 1676 92

71 1720 111 1756 in
130 1715 253 1756 Leid.
271 1730 297 1756 a
323 1731 415 1771 sup.
438 1715 512 1756 lin.
534 1731 589 1756 m.
610 1715 683 1756 alt.
794 1718 846 1755 953
870 1719 987 1766 foras
1005 1718 1236 1760 sla.1:Leid.
1258 1733 1283 1758 a
1385 1719 1435 1757 94
1455 1721 1554 1768 pul—

70 1799 282 1837 chet-ruma
328 1794 452 1835 Leid.
492 1809 516 1834 ξι
554 1794 582 1834 b
699 1797 751 1833 05
797 1800 888 1836 lena
929 1796 1053 1837 Leid.
1095 1812 1119 1836 ξι
1235 1802 1322 1838 aat's
1365 1804 1402 1838 et
1441 1801 1558 1837 simul

70 1875 193 1915 Leid.
233 1889 258 1914 ξι
285 1890 328 1926 o,
369 1874 483 1915 unde
516 1889 622 1914 caue
652 1874 862 1915 conicias:
907 1880 1024 1917 laeua
1063 1882 1169 1918 ‘nalal
1205 1882 1292 1918 aea's
1320 1884 1356 1917 ec
1384 1879 1500 1916 simul

128 1956 181 1993 96
224 1961 407 2004 amellam·
438 1954 560 1994 Leid.
593 1968 631 1994 a.
658 1962 840 2004 'qzalluor
868 1954 988 1995 Leid.
1021 1955 1048 1996 b
1079 1971 1102 1996 o
1217 1960 1269 1997 97
1297 1958 1555 2007 palclzrz'sssue

72 2032 194 2074 Leid.
227 2047 252 2072 a
281 2031 308 2073 b
339 2048 362 2073 e
476 2034 528 2073 98
567 2048 649 2074 esse
672 2038 887 2084 propriam
918 2033 1043 2075 Leid.
1083 2049 1108 2075 a
1142 2050 1165 2076 e
1280 2038 1333 2075 95)
1365 2038 1556 2075 stabilitas

70 2126 158 2153 cam
189 2126 240 2152 na
270 2111 393 2153 Leid.
411 2126 450 2152 a.
482 2115 654 2153 slabe'le'la
683 2126 846 2153 scamna
876 2112 1000 2154 Leid.
1024 2113 1051 2154 b
1068 2128 1091 2154 e
1208 2114 1261 2155 fr.
1292 2113 1416 2155 LXV
1444 2128 1553 2155 com-

71 2196 299 2232 miserantes
341 2191 469 2231 etiam
500 2190 652 2232 Bamb.
690 2193 771 2231 402
813 2192 886 2247 (m.
917 2191 1011 2248 alt.)
1046 2192 1256 2249 Kayseri,
1306 2194 1426 2235 cuius
1462 2194 1553 2234 uni-

73 2283 199 2310 uersa
238 2268 444 2310 librorum
484 2269 648 2310 familia
688 2271 878 2312 secunda
918 2271 998 2312 hoc
1038 2279 1235 2327 quartum
1281 2273 1554 2329 participium

72 2349 215 2390 omisit
334 2349 409 2387 113
441 2348 503 2388 sie
524 2349 691 2403 corrige
712 2355 878 2390 notam:
910 2366 932 2391 ο
961 2353 994 2391 T
993 2356 1042 2392 lle
1063 2359 1140 2393 lale
1165 2361 1242 2393 lule
1263 2356 1331 2393 le'be'
1347 2351 1552 2393 Wuorzb.

72 2434 114 2469 et
132 2428 229 2468 Par.
249 2426 374 2468 Rhet.
393 2425 448 2466 ad
465 2426 570 2467 Her.
599 2441 621 2467 o
639 2432 704 2468 lile
724 2436 801 2469 lace
823 2436 900 2469 lale
921 2433 988 2470 libi
1013 2429 1106 2470 cod.
1128 2430 1315 2471 Charisii
1346 2436 1386 2471 et
1405 2429 1551 2471 Tros&

73 2506 197 2547 Rhet.
216 2505 283 2547 >ad
313 2505 418 2546 Her.
457 2505 568 2546 adde
602 2505 786 2547 ibidem:
827 2521 849 2548 ο
883 2510 964 2548 Tlle
994 2515 1072 2548 lule
1102 2512 1172 2550 libi
1198 2509 1310 2549 Fris.
1341 2508 1465 2549 Rhet.
1497 2508 1552 2549 ad

74 2583 177 2626 Her.
277 2587 352 2625 159
378 2585 421 2624 in
452 2590 573 2625 textu
592 2583 693 2625 tolle
713 2599 878 2626 comma
902 2600 1013 2641 pone
1037 2595 1226 2627 memoral
1330 2589 1397 2628 161
1421 2593 1552 2628 omma

73 2679 148 2706 non
175 2679 279 2706 mmo
297 2668 395 2706 haec
413 2673 510 2705 essel
527 2663 649 2704 Leid.
670 2678 695 2703 ξι
713 2663 842 2704 Vind.
864 2669 995 2705 omnia
1022 2680 1098 2705 uon
1124 2679 1229 2707 nunc
1249 2667 1372 2723 (nunc
1393 2666 1551 2708 lineola

72 2750 320 2785 transuersa
336 2744 546 2799 notatum)
575 2757 729 2784 necesse
749 2751 806 2784 est
828 2743 950 2784 Leid.
971 2743 1020 2797 b3
1053 2759 1161 2800 quae
1184 2745 1415 2786 admodum
1439 2761 1549 2786 eom-

73 2822 274 2864 mendare
302 2822 482 2878 Ilbergii
509 2822 852 2864 emendationem
878 2822 1103 2877 uidentur3
1140 2823 1184 2864 in
1212 2824 1338 2865 Leid.
1371 2839 1393 2865 e
1431 2824 1549 2866 loeus
