1762 3057
190 220 354 250 LXXXII
717 209 1136 254 QVAESTIONES

194 323 397 360 Atellanae
428 320 657 369 adtigebant.
727 319 762 356 Is
784 318 894 356 ludus
918 318 964 355 ab
992 318 1103 354 Oscis
1131 318 1306 354 inuentus
1334 328 1416 354 cum
1442 317 1584 354 ceteris
1608 328 1665 353 re-

195 394 265 431 bus
287 391 495 430 consimilis
514 391 560 427 sit
585 396 751 436 saturae,
773 389 880 425 unius
903 394 1025 425 tamen
1046 388 1205 425 actionis
1229 386 1405 424 ambitum
1423 398 1497 423 non
1515 387 1663 436 migrat.

196 461 255 500 Cf.
275 461 401 499 Liuius
418 460 487 497 vll
506 460 542 496 2.
575 459 703 497 Nihilo
722 458 842 495 minus
865 457 927 494 ubi
946 456 1090 495 Romae
1114 470 1278 507 regnare
1299 458 1532 496 Graecorum
1561 456 1666 494 fabu-

196 532 255 570 lae
288 536 522 581 coeperunt„
555 536 706 567 saturae
737 534 773 566 et
811 527 1013 565 Atellanae
1045 529 1166 578 primo
1195 527 1466 577 neglegentius
1499 526 1665 574 habitae,

195 603 281 640 dein
313 603 547 638 euanuerunt
579 597 625 635 de
658 610 787 635 scena.
844 597 920 634 Sed
953 610 1018 635 eas
1048 604 1183 648 postea
1216 597 1406 647 ingeniosi
1441 602 1581 648 poetae
1619 609 1666 634 ex

196 672 391 710 obliuione
433 669 636 706 suscitatas
670 668 806 705 litteris
843 679 943 704 nouo
983 668 1126 705 decore
1164 669 1369 706 instructas
1405 667 1664 705 reddiderunt.

195 739 398 778 Atellanae
428 744 571 775 sortem
601 739 784 788 persequi
816 738 865 775 nil
899 738 1053 775 attinet:
1094 750 1114 774 e
1145 743 1273 775 satura
1303 743 1428 775 autem
1460 738 1524 776 illa
1557 737 1666 776 Ennii

194 816 320 848 satura
350 809 490 860 prodiit
512 807 739 856 lectoribus,
772 819 845 845 non
876 819 1017 845 scenae
1049 807 1185 845 dicata.
1249 807 1332 855 Qua
1357 820 1398 846 re
1429 808 1519 846 licet
1551 813 1667 859 poeta

192 879 410 917 resecuerit
449 878 636 929 quaedam
669 877 805 927 quibus
843 890 959 915 scena
991 889 1065 914 uon
1096 883 1267 925 careret,
1317 880 1505 928 originem
1542 885 1667 916 tamen

192 949 385 987 scenicam
413 960 495 985 cum
527 946 636 984 Ennii
668 953 744 984 tum
771 948 1028 997 posteriorum
1060 948 1190 997 poesis
1224 949 1387 985 saturica
1415 948 1553 998 prodit.
1593 948 1667 986 Vel

193 1020 452 1057 diuerbiornm
495 1017 735 1064 memineris7
778 1016 913 1066 quibus
956 1017 1047 1054 nihil
1084 1022 1141 1054 est
1179 1017 1213 1052 in
1247 1023 1372 1055 satura
1412 1017 1664 1068 frequentius.

194 1089 318 1136 Quale
345 1087 438 1126 illud
470 1092 529 1138 est
558 1086 659 1136 quod
689 1086 943 1133 Quintilianus
971 1086 1023 1124 IX
1053 1086 1098 1134 27
1136 1085 1187 1124 36
1214 1087 1326 1124 tradit
1354 1086 1513 1125 Ennium
1544 1089 1579 1125 in
1606 1100 1665 1126 sa·

192 1165 273 1197 tura
304 1164 467 1196 mortem
505 1168 550 1194 ac
592 1158 705 1193 uitam
747 1156 1025 1194 contendentes
1057 1155 1139 1200 (uel
1176 1157 1207 1192 si
1244 1156 1351 1193 libris
1380 1158 1526 1208 aliquot
1555 1158 1665 1196 fidem

192 1226 336 1264 habere
369 1225 477 1263 malis
517 1228 825 1277 consentientes)
870 1225 1065 1263 induxisse
1106 1225 1200 1273 (inc.
1236 1232 1306 1263 sat.
1342 1226 1428 1278 ΙΙΙ).
1492 1226 1550 1266 Cf.
1583 1229 1663 1266 Sat.

192 1295 244 1332 ΙΙΙ
281 1296 326 1333 fr.
366 1295 393 1333 Ι.
455 1296 624 1333 Indidem
652 1296 795 1333 Ennius
833 1296 1044 1344 argumenti
1085 1307 1128 1332 ac
1168 1308 1410 1334 numerorum
1441 1299 1665 1336 uarietatem

191 1365 366 1415 repetiit:
399 1377 472 1415 qua
502 1378 586 1403 eum
611 1372 759 1404 saturas
788 1366 1007 1404 distinxisse
1025 1365 1233 1403 Diomedes
1258 1372 1418 1404 testatur
1439 1367 1490 1405 ΙΙΙ
1517 1380 1552 1418 p.
1584 1367 1665 1406 482

192 1434 251 1472 Ρ.;
279 1442 407 1473 satura
436 1438 566 1474 (licitur
592 1449 741 1474 carmen
772 1441 873 1485 apud
898 1440 1103 1479 Romanos,
1135 1450 1206 1473 non
1238 1440 1340 1484 apud
1369 1440 1548 1485 Graecos,
1586 1453 1663 1475 ma—

191 1507 338 1541 ledicum
368 1512 400 1541 et
432 1508 481 1542 (ul
508 1509 697 1555 carpenda
727 1509 906 1544 hominnm
948 1511 1033 1543 uilia
1064 1507 1247 1542 arelatem·
1277 1511 1481 1546 comoediae
1510 1511 1665 1546 charac-

191 1581 266 1610 tere
295 1579 549 1622 composilum,
580 1580 687 1623 (letale
714 1580 944 1625 scripserunt
972 1580 1132 1614 Lucilius
1163 1583 1196 1612 e!
1223 1579 1403 1615 Horatius
1433 1588 1467 1617 el
1492 1582 1664 1617 Persius:

191 1649 228 1679 a!
255 1646 333 1680 olim
366 1656 515 1681 carmen
547 1649 644 1693 quffll
677 1659 695 1683 e
730 1650 845 1683 uariis
875 1648 1103 1694 poematibus
1133 1651 1320 1685 constabat
1343 1656 1470 1687 satura
1499 1654 1663 1688 nomina-

191 1715 315 1758 batur,
357 1717 462 1761 qmde
498 1719 730 1763 seripserunt
759 1719 948 1753 Pacuuius
989 1722 1021 1751 ec
1046 1718 1209 1755 Ennius.-
1248 1724 1285 1755 et
1315 1720 1405 1758 item
1432 1721 1584 1771 paulum
1609 1723 1662 1758 in-

190 1780 265 1817 fra:
296 1788 425 1819 satura
449 1788 618 1822 earmina
647 1789 757 1823 multa
773 1789 881 1823 simul
904 1792 937 1822 et
955 1790 1126 1833 poemata
1156 1793 1523 1838 comprehendamtur.
1582 1791 1664 1830 Nec

188 1857 314 1889 tamen
340 1851 498 1890 Ennium
538 1866 716 1892 numeros
758 1854 944 1892 credibile
994 1861 1052 1892 est
1098 1862 1243 1896 temere
1288 1860 1509 1898 miscuisse:
1551 1873 1661 1911 quem

190 1933 272 1957 cum
301 1922 474 1971 singulae
506 1929 680 1971 saturae,
713 1925 815 1974 quod
845 1925 1054 1963 Diomedes
1087 1926 1245 1969 indicat‚
1280 1930 1539 1980 compluribus
1567 1936 1660 1981 poe'-

189 1989 350 2046 matibus
395 1998 634 2040 constarent7
682 2006 923 2031 numerorum
963 1997 1185 2034 uarietatem
1223 1998 1306 2035 fere
1350 2000 1395 2038 ad
1437 2002 1660 2039 uarietatem

192 2063 405 2107 poematum
443 2063 594 2099 rexisse
635 2065 807 2112 putarim.
878 2065 982 2102 Inter
1014 2066 1196 2115 reliquias
1233 2074 1443 2107 saturarum
1487 2076 1559 2108 tam
1594 2083 1659 2108 eas

189 2139 286 2177 quae
329 2130 414 2167 inde
461 2132 624 2169 citantur
666 2134 810 2172 diserte
839 2147 950 2185 quam
983 2147 1080 2184 quae
1122 2136 1171 2173 ibi
1205 2138 1395 2187 probabili
1439 2141 1660 2178 coniectura

188 2198 385 2237 conlocari
416 2201 613 2252 uidentur⁷
650 2217 733 2242 cum
765 2204 913 2242 iambici
942 2205 1205 2256 trochaicique
1238 2221 1373 2245 uersus
1406 2214 1480 2246 tum
1502 2210 1659 2248 Sotadei

187 2273 223 2304 et
241 2266 452 2307 hexametri
472 2271 652 2313 feruntur.
687 2274 811 2311 Variis
831 2280 955 2311 autem
974 2276 1104 2312 metris
1123 2289 1210 2314 suas
1233 2277 1399 2315 Lucilius
1421 2289 1574 2329 qnoque
1599 2292 1658 2318 sa-

187 2341 288 2373 turas
308 2338 522 2388 inpertiuit:
543 2343 612 2380 sed
634 2350 756 2381 tamen
777 2345 810 2381 ei
831 2350 1039 2382 saturarum
1061 2348 1157 2394 parti
1177 2360 1287 2397 quam
1301 2349 1558 2399 posteriorem
1579 2349 1657 2387 edi·

186 2405 237 2442 dit
265 2419 375 2445 unum
403 2409 711 2451 hexametrorum
733 2427 927 2452 numerum
956 2414 1137 2452 adhibuit.
1195 2415 1253 2454 Cf.
1283 2416 1542 2456 Lachmannus
1574 2419 1654 2457 Ind.

187 2475 416 2515 lect.Berol.
436 2487 532 2518 aest.
553 2482 670 2521 1549.
697 2484 804 2523 Vnde
824 2489 963 2535 poetae
982 2486 1222 2535 posteriores
1242 2486 1419 2524 Horatius
1433 2487 1585 2525 Persius
1597 2487 1655 2526 Iu-

188 2547 333 2584 uenalis
351 2560 425 2586 non
446 2550 529 2588 aliis
548 2552 584 2588 in
605 2555 742 2591 saturis
761 2561 875 2605 atque
898 2554 1027 2591 herois
1052 2555 1225 2593 uersibus
1248 2557 1305 2593 usi
1327 2562 1424 2593 sunt.
1463 2556 1567 2593 Vnus
1582 2555 1653 2594 Te-

187 2615 327 2652 rentius
345 2616 467 2655 Varro
487 2620 521 2657 in
541 2622 677 2658 saturis
695 2622 909 2674 Menippeis
935 2637 1018 2662 cum
1040 2625 1247 2663 Ennianam
1264 2635 1505 2663 numerorum
1530 2626 1652 2662 narie-

187 2686 300 2720 tatem
323 2686 501 2737 referret,
522 2690 698 2728 uersibus
721 2693 817 2730 adeo
845 2694 1066 2743 pedestrem
1089 2695 1300 2733 orationem
1324 2695 1510 2745 aspersit:
1543 2695 1648 2732 cuius

188 2750 244 2786 rei
261 2760 393 2793 auctor
416 2764 474 2795 est
496 2759 748 2806 Quintilianus
770 2760 805 2799 X
826 2762 860 2809 1,
881 2762 954 2799 93:
980 2771 1109 2801 satura
1129 2767 1268 2812 quidem
1292 2771 1362 2802 tota
1384 2773 1508 2802 nostru
1530 2772 1592 2813 est,
1613 2769 1651 2801 in
