1762 3057
670 197 972 233 ENNIANAE
1449 205 1564 233 XXIX

89 307 181 346 Nam
213 314 252 346 ut
283 307 427 346 Ennius
457 309 642 355 Aeneam„
676 308 737 358 qui
770 307 906 345 dudum
930 313 1017 344 aute
1044 318 1249 357 puerorum
1280 312 1427 356 partum
1457 307 1562 344 oliiess

88 380 158 426 rit7
187 389 261 415 non
293 379 612 429 aperte-Romuli
654 390 762 415 auum
804 379 1024 415 nominarit.
1067 377 1140 415 hoc
1167 383 1291 415 tamen
1331 388 1404 413 non
1443 377 1564 414 minus

88 455 252 497 constat,
288 449 448 487 alterum
481 451 512 486 si
536 462 665 486 uerum
693 456 765 487 est.
797 449 899 487 Iliam
920 449 1039 486 fuisse
1059 448 1216 486 Aeneae
1237 448 1370 485 liliam:
1404 448 1438 486 id
1461 449 1561 499 quod

85 520 245 557 Seruius
279 532 351 557 nec
382 520 455 557 hoc
489 519 576 556 loco
608 532 680 557 nec
703 520 841 561 altero*
876 532 987 570 quem
1023 520 1146 557 statim
1180 520 1372 567 adferam⁷
1404 520 1437 557 in
1469 533 1560 558 suae

87 590 283 627 cuiusdam
313 590 572 628 conclusionis
597 592 767 640 speciem
794 590 918 627 tradit.
953 602 1034 627 cum
1059 591 1285 640 praesertim
1311 603 1355 628 ea
1379 593 1560 630 memoria

85 672 158 697 uon
176 659 335 698 Ennium
358 667 497 698 tantum
520 661 587 699 sed
611 662 722 698 etiam
742 660 924 697 Naeuium
944 662 1113 699 attineat.
1148 661 1321 710 Namque
1340 662 1388 699 ita
1408 663 1442 699 in
1461 663 1558 700 Aen.

83 730 96 767 l
129 730 208 769 ‘273
248 717 412 769 Navium
441 738 474 768 et
502 734 661 776 Ennius,
704 732 774 778 att,
813 735 958 768 Aeneae
989 744 1037 768 <nr
1064 735 1140 779 filia
1175 739 1337 779 mysolt'm
1371 735 1558 771 Romulum

83 805 301 840 condilorem
347 805 447 839 urbis
490 804 652 839 trmlmzl.
719 801 963 839 Testimoniis
1001 801 1130 838 fauent
1174 801 1326 840 residua
1372 804 1557 852 quaedam

85 873 119 909 iu
148 873 241 923 ipsis
272 872 387 911 hodie
427 872 650 921 fragmentis
678 872 855 921 uestigia.
917 871 1010 910 Iliae
1042 873 1154 919 enim7
1189 879 1225 910 ut.
1257 875 1338 923 ipsa
1362 882 1488 912 narrat
1512 876 1556 912 l'r.

81 942 264 991 XXXIV7
305 957 376 995 per
408 943 590 979 somnium
621 948 728 992 pater
755 942 914 992 adparet
947 943 1127 994 illamque
1160 956 1263 982 suam
1302 951 1452 993 gnatam
1494 947 1556 984 ad-

84 1013 216 1064 pellat.
251 1014 359 1062 Quae
394 1014 456 1064 qui
491 1013 603 1063 plane
637 1026 679 1050 ac
708 1013 934 1063 simpliciter
964 1014 1137 1063 Ennium7
1170 1026 1244 1052 non
1276 1015 1465 1054 obscure.
1503 1018 1555 1054 lo-

80 1090 206 1121 cutum
238 1085 382 1133 uolent⁷
415 1097 534 1134 aegre
568 1097 651 1121 eum
680 1083 826 1122 Merula
859 1090 897 1122 et
925 1086 1073 1124 editore
1106 1086 1295 1137 Lipsiensi
1329 1086 1375 1124 de
1422 1089 1555 1125 nescio

81 1166 157 1204 quo
191 1155 369 1204 longiore
416 1156 657 1204 cognationis
696 1155 817 1204 gradu
856 1156 1096 1205 intellegent.
1156 1158 1305 1195 Patrem
1339 1163 1464 1195 autem
1507 1157 1556 1196 ibi

79 1224 250 1263 Aeneam
296 1225 369 1264 dici
407 1226 468 1263 uel
507 1227 588 1263 sine
624 1226 704 1263 istis
737 1226 965 1263 testimoniis
1000 1228 1084 1265 iude
1117 1227 1300 1278 adparet,
1342 1223 1554 1278 quod‘Eu-

80 1296 210 1343 rydica
238 1297 502 1347 prognatam'7
527 1298 585 1335 cui
613 1297 797 1334 somnium
819 1304 968 1335 enarrat
997 1292 1333 1349 llia,'ge1·1nauam
1356 1300 1552 1337 sororem*

78 1366 309 1417 adloquitur.
356 1366 586 1415 Eurydicam
619 1369 716 1405 euim
751 1367 910 1405 Aeueae
944 1380 1102 1406 uxorem
1135 1368 1306 1407 Lesclies
1339 1376 1377 1408 et
1410 1369 1551 1421 Cypria

78 1437 313 1475 tradiderunt
345 1444 444 1476 teste
471 1437 654 1476 Pausania
687 1438 720 1475 X
754 1437 824 1475 26:
854 1437 1031 1489 Λέσχεως
1063 1437 1103 1477 d&
1129 1438 1194 1477 καὶ
1221 1434 1240 1478 ὃ
1272 1435 1438 1490 ποιήσας
1481 1441 1554 1492 ἔπη

76 1500 123 1544 τὰ
145 1503 307 1559 Κύπρια
331 1503 510 1546 διδόασιν
529 1502 762 1560 Εὐρυδίκην
782 1511 953 1559 γυναῖκα
973 1508 1124 1562 Αἰνείᾳ.
1157 1508 1214 1546 Cf.
1242 1508 1480 1554 XVelckerus
1505 1513 1551 1550 de

78 1576 191 1624 cyclo
217 1589 278 1627 ep.
312 1577 345 1616 11
376 1591 412 1629 p.
448 1578 540 1617 248.
588 1579 633 1616 Vt
666 1580 801 1617 eadem
835 1579 999 1616 carmina
1030 1578 1177 1617 Graeca
1212 1592 1308 1630 quae
1332 1582 1550 1631 Eurydicae

77 1647 189 1684 etiam
220 1647 312 1685 Iliae
337 1652 525 1700 originem
551 1651 706 1688 dedisse
738 1651 952 1700 suspicere.
1023 1649 1115 1686 lliae
1147 1656 1271 1688 autem
1312 1664 1425 1690 soror
1467 1666 1549 1692 cum

77 1720 88 1737 ‘
105 1729 196 1754 auus
212 1721 224 1738 '
248 1730 266 1755 a
292 1724 406 1768 poeta
424 1720 570 1758 dicatur
590 1721 738 1770 (neque
757 1721 854 1758 enim
874 1720 920 1758 de
940 1720 1103 1758 diuersis
1123 1721 1364 1769 cogitandum
1387 1730 1443 1761 est
1464 1736 1550 1774 per—

76 1789 227 1839 sonis.)7
260 1801 332 1826 uon
365 1791 478 1840 paulo
521 1803 605 1829 eam
637 1797 763 1829 aetate
795 1790 1080 1841 prouectiorem
1119 1789 1185 1828 Ilia
1223 1791 1342 1829 fuisse
1384 1805 1548 1832 necesse

75 1865 147 1896 est.
210 1859 292 1897 Illis
321 1867 447 1899 autem
479 1863 659 1899 conuenit
685 1862 897 1912 aptissime,
929 1860 1029 1911 quod
1063 1860 1129 1898 Ilia
1152 1856 1549 1912 Venerem‘genetri-

75 1942 159 1967 cem
189 1933 306 1980 patris
339 1931 479 1968 nostri'
516 1938 553 1969 et
573 1925 814 1980 ‘cognatam'
849 1933 936 1970 dicit
965 1931 1170 1983 (XXXVI)
1195 1938 1231 1969 et
1264 1933 1345 1982 ipsa
1372 1928 1450 1972 ‘dia
1482 1948 1546 1973 ne—

76 2001 169 2050 pos'
203 2001 420 2052 adpellatur
447 2015 466 2041 a
495 2002 650 2041 Venere
675 2002 896 2053 (XXXIX).
942 2002 1014 2049 Qui
1044 2002 1195 2052 quidem
1228 2015 1441 2042 consensus
1464 2007 1546 2056 ipse

75 2071 155 2109 iure
187 2071 250 2110 illa
282 2071 394 2115 Iliae,
433 2072 529 2111 llaec
559 2073 718 2117 Veneriq
752 2086 825 2111 uon
862 2075 924 2124 qui
958 2073 1073 2122 uulgo
1110 2073 1342 2112 credebatur
1373 2075 1547 2125 Aeneae,

73 2142 213 2180 ascribi
264 2143 442 2181 ostendit.
525 2144 657 2195 Itaque
707 2144 848 2182 Ennius
893 2156 976 2182 cum
1024 2143 1196 2182 Aeneam
1244 2144 1326 2182 fere
1371 2148 1545 2196 attigisse

74 2210 219 2249 Romae
255 2213 440 2262 originem
480 2215 616 2264 lingatq
670 2215 758 2253 nihil
797 2215 843 2252 de
885 2214 1036 2252 condita
1068 2213 1168 2251 Alba
1212 2214 1338 2265 deque
1377 2217 1545 2255 Albano—

74 2293 153 2318 rum
201 2293 333 2330 regum
383 2286 646 2323 commenticia
693 2287 794 2323 serie
836 2286 1024 2322 narrauit:
1074 2297 1169 2336 quas
1212 2297 1274 2322 res
1314 2293 1440 2324 notum
1488 2294 1545 2325 est

75 2358 210 2402 postea
250 2353 285 2389 in
317 2352 525 2392 Romanam
563 2355 759 2393 historiam
795 2356 952 2392 insertas
986 2368 1075 2392 esse
1110 2354 1155 2392 ab
1188 2356 1267 2403 cis,
1310 2358 1373 2406 qui
1410 2370 1545 2406 magna

73 2423 170 2460 inter
201 2422 341 2461 Troiae
372 2425 513 2462 exitum
546 2432 581 2462 et
609 2427 708 2464 initia
743 2426 884 2463 Romae
917 2424 1117 2462 interualla
1151 2425 1315 2475 explere
1347 2438 1415 2476 pro
1447 2428 1545 2465 uirili

74 2499 180 2542 parte
212 2493 535 2543 periclitarentur.

185 2563 327 2601 Verum
350 2564 397 2602 ad
428 2564 526 2602 hunc
559 2565 685 2602 locum
716 2576 789 2601 uon
817 2576 889 2601 uno
923 2566 1074 2601 nomine
1107 2565 1282 2615 quaestio
1316 2565 1362 2601 de
1397 2571 1542 2615 tempo-

73 2646 150 2672 rum
170 2635 316 2672 ratione
340 2635 518 2684 pertinet„
546 2646 618 2684 qua
633 2633 775 2671 Ennius
794 2646 860 2671 sua
879 2640 1004 2671 aetate
1025 2634 1058 2670 li.
1081 2647 1114 2671 e.
1135 2641 1221 2671 ante
1238 2647 1370 2672 aunum
1390 2635 1436 2672 al)
1456 2649 1489 2673 u.
1510 2649 1542 2673 c.

71 2704 151 2742 555
184 2705 316 2742 urbem
351 2704 505 2741 Romam
538 2705 639 2741 circa
672 2705 1003 2754 septingentorum
1033 2715 1213 2741 annorum
1238 2705 1355 2742 fuisse
1378 2705 1541 2743 tradidit.

71 2772 185 2811 Cuius
208 2774 304 2812 haec
329 2781 414 2812 sunt
436 2775 644 2813 aVarrone
671 2774 718 2812 de
743 2787 782 2811 re
806 2780 904 2812 rust:
931 2774 981 2812 ΙΙΙ
1005 2775 1037 2821 1Ἰ
1063 2772 1085 2810 2
1105 2781 1331 2813 conseruata
1350 2774 1468 2813 uerba
1486 2777 1543 2813 ica
