<?xml version="1.0" encoding="UTF-8"?>
<!DOCTYPE html PUBLIC "-//W3C//DTD XHTML 1.0 Transitional//EN"
    "http://www.w3.org/TR/xhtml1/DTD/xhtml1-transitional.dtd">
<html xmlns="http://www.w3.org/1999/xhtml" xml:lang="en" lang="en">
 <head>
  <title>
</title>
<meta http-equiv="Content-Type" content="text/html;charset=utf-8" />
  <meta name='ocr-system' content='tesseract 3.04.00' />
  <meta name='ocr-capabilities' content='ocr_page ocr_carea ocr_par ocr_line ocrx_word'/>
</head>
<body>
  <div class='ocr_page' id='page_1' title='image "./poesisreliquiae00enniuoft_0150.png"; bbox 0 0 1762 3057; ppageno 0'>
   <div class='ocr_carea' id='block_1_1' title="bbox 188 146 1075 188">
    <p class='ocr_par' dir='ltr' id='par_1_1' title="bbox 188 146 1075 188">
     <span class='ocr_line' id='line_1_1' title="bbox 188 146 1075 188; baseline -0.001 -1"><span class='ocrx_word' id='word_1_1' title='bbox 188 146 244 188; x_wconf 83' lang='lat'>48</span> <span class='ocrx_word' id='word_1_2' title='bbox 770 152 1075 187; x_wconf 69' lang='lat' dir='ltr'>ANNALIVM</span> 
     </span>
    </p>
   </div>
   <div class='ocr_carea' id='block_1_2' title="bbox 899 263 958 307">
    <p class='ocr_par' dir='ltr' id='par_1_2' title="bbox 899 263 958 307">
     <span class='ocr_line' id='line_1_2' title="bbox 899 263 958 307; baseline 0.017 -1"><span class='ocrx_word' id='word_1_3' title='bbox 899 263 958 307; x_wconf 92' lang='lat' dir='ltr'>IX</span> 
     </span>
    </p>
   </div>
   <div class='ocr_carea' id='block_1_3' title="bbox 328 349 1588 478">
    <p class='ocr_par' dir='ltr' id='par_1_3' title="bbox 328 349 1588 478">
     <span class='ocr_line' id='line_1_3' title="bbox 494 349 1372 410; baseline 0.003 -17"><span class='ocrx_word' id='word_1_4' title='bbox 494 349 718 393; x_wconf 74' lang='lat' dir='ltr'><strong>mortalem</strong></span> <span class='ocrx_word' id='word_1_5' title='bbox 749 363 965 394; x_wconf 85' lang='lat' dir='ltr'>summum</span> <span class='ocrx_word' id='word_1_6' title='bbox 993 351 1169 394; x_wconf 81' lang='lat' dir='ltr'>fortuna</span> <span class='ocrx_word' id='word_1_7' title='bbox 1196 355 1372 410; x_wconf 83' lang='lat' dir='ltr'>repente</span> 
     </span>
     <span class='ocr_line' id='line_1_4' title="bbox 328 418 1588 478; baseline 0.003 -18"><span class='ocrx_word' id='word_1_8' title='bbox 328 418 550 472; x_wconf 79' lang='lat' dir='ltr'>Reddidit,</span> <span class='ocrx_word' id='word_1_9' title='bbox 590 432 612 461; x_wconf 93' lang='lat' dir='ltr'>e</span> <span class='ocrx_word' id='word_1_10' title='bbox 640 432 810 461; x_wconf 85' lang='lat' dir='ltr'>summo</span> <span class='ocrx_word' id='word_1_11' title='bbox 844 433 983 478; x_wconf 81' lang='lat' dir='ltr'>regno</span> <span class='ocrx_word' id='word_1_12' title='bbox 1014 422 1060 462; x_wconf 90' lang='lat' dir='ltr'>ut</span> <span class='ocrx_word' id='word_1_13' title='bbox 1092 419 1222 463; x_wconf 81' lang='lat' dir='ltr'>famul</span> <span class='ocrx_word' id='word_1_14' title='bbox 1255 420 1429 464; x_wconf 87' lang='lat' dir='ltr'>infimus</span> <span class='ocrx_word' id='word_1_15' title='bbox 1457 424 1588 464; x_wconf 88' lang='lat' dir='ltr'>esset.</span> 
     </span>
    </p>
   </div>
   <div class='ocr_carea' id='block_1_4' title="bbox 907 517 946 561">
    <p class='ocr_par' dir='ltr' id='par_1_4' title="bbox 907 517 946 561">
     <span class='ocr_line' id='line_1_5' title="bbox 907 517 946 561; baseline 0 0"><span class='ocrx_word' id='word_1_16' title='bbox 907 517 946 561; x_wconf 89' lang='lat' dir='ltr'>X</span> 
     </span>
    </p>
   </div>
   <div class='ocr_carea' id='block_1_5' title="bbox 258 601 1667 718">
    <p class='ocr_par' dir='ltr' id='par_1_5' title="bbox 258 601 1667 718">
     <span class='ocr_line' id='line_1_6' title="bbox 258 601 1667 665; baseline 0.003 -21"><span class='ocrx_word' id='word_1_17' title='bbox 258 654 263 659; x_wconf 17' lang='lat' dir='ltr'><em>d</em></span> <span class='ocrx_word' id='word_1_18' title='bbox 325 601 411 645; x_wconf 91' lang='lat' dir='ltr'>Sed</span> <span class='ocrx_word' id='word_1_19' title='bbox 446 601 547 659; x_wconf 85' lang='lat' dir='ltr'>quid</span> <span class='ocrx_word' id='word_1_20' title='bbox 576 616 663 662; x_wconf 82' lang='lat' dir='ltr'>ego</span> <span class='ocrx_word' id='word_1_21' title='bbox 695 603 802 649; x_wconf 89' lang='lat' dir='ltr'>haec</span> <span class='ocrx_word' id='word_1_22' title='bbox 832 605 1058 650; x_wconf 83' lang='lat' dir='ltr'>memoro?</span> <span class='ocrx_word' id='word_1_23' title='bbox 1105 605 1263 650; x_wconf 83' lang='lat' dir='ltr'>dictum</span> <span class='ocrx_word' id='word_1_24' title='bbox 1295 607 1542 665; x_wconf 80' lang='lat' dir='ltr'>factumque</span> <span class='ocrx_word' id='word_1_25' title='bbox 1567 604 1667 648; x_wconf 84' lang='lat' dir='ltr'>facit</span> 
     </span>
     <span class='ocr_line' id='line_1_7' title="bbox 1016 675 1118 718; baseline 0 0"><span class='ocrx_word' id='word_1_26' title='bbox 1016 675 1118 718; x_wconf 85' lang='lat' dir='ltr'>frux</span> 
     </span>
    </p>
   </div>
   <div class='ocr_carea' id='block_1_6' title="bbox 322 770 956 891">
    <p class='ocr_par' dir='ltr' id='par_1_6' title="bbox 322 770 956 891">
     <span class='ocr_line' id='line_1_8' title="bbox 898 770 956 814; baseline 0 0"><span class='ocrx_word' id='word_1_27' title='bbox 898 770 956 814; x_wconf 92' lang='lat' dir='ltr'>XI</span> 
     </span>
     <span class='ocr_line' id='line_1_9' title="bbox 322 845 771 891; baseline 0 -1"><span class='ocrx_word' id='word_1_28' title='bbox 322 845 473 891; x_wconf 85' lang='lat' dir='ltr'>Puluis</span> <span class='ocrx_word' id='word_1_29' title='bbox 501 846 623 891; x_wconf 87' lang='lat' dir='ltr'>fulua</span> <span class='ocrx_word' id='word_1_30' title='bbox 652 846 771 891; x_wconf 86' lang='lat' dir='ltr'>uolat</span> 
     </span>
    </p>
   </div>
   <div class='ocr_carea' id='block_1_7' title="bbox 202 933 1396 1078">
    <p class='ocr_par' dir='ltr' id='par_1_7' title="bbox 202 933 1396 1078">
     <span class='ocr_line' id='line_1_10' title="bbox 890 933 968 978; baseline 0 0"><span class='ocrx_word' id='word_1_31' title='bbox 890 933 968 978; x_wconf 92' lang='lat' dir='ltr'>XII</span> 
     </span>
     <span class='ocr_line' id='line_1_11' title="bbox 202 1020 1396 1078; baseline 0.001 -16"><span class='ocrx_word' id='word_1_32' title='bbox 202 1022 331 1062; x_wconf 82' lang='lat'><strong>320.</strong></span> <span class='ocrx_word' id='word_1_33' title='bbox 405 1053 414 1061; x_wconf 91' lang='lat'>.</span> <span class='ocrx_word' id='word_1_34' title='bbox 489 1053 498 1062; x_wconf 92' lang='lat'><strong>.</strong></span> <span class='ocrx_word' id='word_1_35' title='bbox 572 1053 582 1062; x_wconf 88' lang='lat'>.</span> <span class='ocrx_word' id='word_1_36' title='bbox 655 1054 664 1063; x_wconf 90' lang='lat'><strong>.</strong></span> <span class='ocrx_word' id='word_1_37' title='bbox 737 1054 747 1063; x_wconf 89' lang='lat'><em>.</em></span> <span class='ocrx_word' id='word_1_38' title='bbox 819 1020 983 1078; x_wconf 83' lang='lat' dir='ltr'>praeda</span> <span class='ocrx_word' id='word_1_39' title='bbox 1014 1020 1232 1065; x_wconf 82' lang='lat' dir='ltr'>exereitus</span> <span class='ocrx_word' id='word_1_40' title='bbox 1261 1020 1396 1064; x_wconf 87' lang='lat' dir='ltr'>undat</span> 
     </span>
    </p>
   </div>
   <div class='ocr_carea' id='block_1_8' title="bbox 320 1115 993 1314">
    <p class='ocr_par' dir='ltr' id='par_1_8' title="bbox 320 1115 993 1314">
     <span class='ocr_line' id='line_1_12' title="bbox 856 1115 993 1161; baseline 0 -1"><span class='ocrx_word' id='word_1_41' title='bbox 856 1116 954 1161; x_wconf 89' lang='lat' dir='ltr'>XIII</span> <span class='ocrx_word' id='word_1_42' title='bbox 973 1115 993 1138; x_wconf 80' lang='lat'>*</span> 
     </span>
     <span class='ocr_line' id='line_1_13' title="bbox 320 1191 650 1251; baseline 0.006 -15"><span class='ocrx_word' id='word_1_43' title='bbox 320 1191 466 1251; x_wconf 83' lang='lat' dir='ltr'>Scipio</span> <span class='ocrx_word' id='word_1_44' title='bbox 492 1193 650 1238; x_wconf 82' lang='lat' dir='ltr'>inuicte</span> 
     </span>
     <span class='ocr_line' id='line_1_14' title="bbox 873 1269 978 1314; baseline 0 0"><span class='ocrx_word' id='word_1_45' title='bbox 873 1269 978 1314; x_wconf 88' lang='lat' dir='ltr'>XIV</span> 
     </span>
    </p>
   </div>
   <div class='ocr_carea' id='block_1_9' title="bbox 322 1347 1318 1460">
    <p class='ocr_par' dir='ltr' id='par_1_9' title="bbox 322 1347 1318 1460">
     <span class='ocr_line' id='line_1_15' title="bbox 569 1347 1318 1408; baseline 0.001 -17"><span class='ocrx_word' id='word_1_46' title='bbox 569 1347 899 1408; x_wconf 80' lang='lat' dir='ltr'>libertatemque</span> <span class='ocrx_word' id='word_1_47' title='bbox 924 1352 971 1393; x_wconf 84' lang='lat' dir='ltr'>ut</span> <span class='ocrx_word' id='word_1_48' title='bbox 994 1347 1318 1407; x_wconf 83' lang='lat' dir='ltr'>perpetuassint</span> 
     </span>
     <span class='ocr_line' id='line_1_16' title="bbox 322 1415 507 1460; baseline -0.005 0"><span class='ocrx_word' id='word_1_49' title='bbox 322 1415 507 1460; x_wconf 79' lang='lat' dir='ltr'>Maxime</span> 
     </span>
    </p>
   </div>
   <div class='ocr_carea' id='block_1_10' title="bbox 180 1549 1662 2237">
    <p class='ocr_par' dir='ltr' id='par_1_10' title="bbox 182 1549 1662 1822">
     <span class='ocr_line' id='line_1_17' title="bbox 229 1549 1662 1591; baseline 0.001 -11"><span class='ocrx_word' id='word_1_50' title='bbox 229 1549 277 1580; x_wconf 88' lang='lat' dir='ltr'>IX</span> <span class='ocrx_word' id='word_1_51' title='bbox 301 1549 429 1581; x_wconf 77' lang='lat' dir='ltr'>Nonius</span> <span class='ocrx_word' id='word_1_52' title='bbox 444 1549 566 1591; x_wconf 82' lang='lat' dir='ltr'>p.110,</span> <span class='ocrx_word' id='word_1_53' title='bbox 582 1550 600 1581; x_wconf 81' lang='lat'>7</span> <span class='ocrx_word' id='word_1_54' title='bbox 629 1549 797 1586; x_wconf 61' lang='lat' dir='ltr'>‘famul⁹</span> <span class='ocrx_word' id='word_1_55' title='bbox 818 1549 976 1582; x_wconf 85' lang='lat' dir='ltr'>famulus.</span> <span class='ocrx_word' id='word_1_56' title='bbox 1005 1550 1133 1582; x_wconf 86' lang='lat' dir='ltr'>Ennius</span> <span class='ocrx_word' id='word_1_57' title='bbox 1150 1550 1314 1581; x_wconf 67' lang='lat' dir='ltr'>lib.YIIII</span> <span class='ocrx_word' id='word_1_58' title='bbox 1424 1549 1662 1582; x_wconf 56' lang='lat' dir='ltr'>&amp;Lucretius</span> 
     </span>
     <span class='ocr_line' id='line_1_18' title="bbox 184 1595 1661 1639; baseline 0.001 -13"><span class='ocrx_word' id='word_1_59' title='bbox 184 1596 229 1627; x_wconf 91' lang='lat' dir='ltr'>III</span> <span class='ocrx_word' id='word_1_60' title='bbox 261 1595 348 1628; x_wconf 77' lang='lat'>1032</span> <span class='ocrx_word' id='word_1_61' title='bbox 386 1596 609 1637; x_wconf 78' lang='lat' dir='ltr'>‘Scipiadas,</span> <span class='ocrx_word' id='word_1_62' title='bbox 645 1596 725 1626; x_wconf 87' lang='lat' dir='ltr'>belli</span> <span class='ocrx_word' id='word_1_63' title='bbox 751 1596 897 1634; x_wconf 71' lang='lat' dir='ltr'>fulmen,</span> <span class='ocrx_word' id='word_1_64' title='bbox 936 1596 1150 1639; x_wconf 75' lang='lat' dir='ltr'>Carthaginis</span> <span class='ocrx_word' id='word_1_65' title='bbox 1180 1596 1317 1634; x_wconf 85' lang='lat' dir='ltr'>horror,</span> <span class='ocrx_word' id='word_1_66' title='bbox 1358 1596 1443 1627; x_wconf 86' lang='lat' dir='ltr'>Ossa</span> <span class='ocrx_word' id='word_1_67' title='bbox 1469 1597 1560 1628; x_wconf 87' lang='lat' dir='ltr'>dedit</span> <span class='ocrx_word' id='word_1_68' title='bbox 1597 1604 1661 1628; x_wconf 86' lang='lat' dir='ltr'>ter-</span> 
     </span>
     <span class='ocr_line' id='line_1_19' title="bbox 182 1641 1657 1684; baseline 0.002 -13"><span class='ocrx_word' id='word_1_69' title='bbox 182 1652 239 1672; x_wconf 82' lang='lat' dir='ltr'>rae</span> <span class='ocrx_word' id='word_1_70' title='bbox 277 1642 420 1684; x_wconf 81' lang='lat' dir='ltr'>proinde</span> <span class='ocrx_word' id='word_1_71' title='bbox 456 1652 493 1673; x_wconf 82' lang='lat' dir='ltr'>ae</span> <span class='ocrx_word' id='word_1_72' title='bbox 531 1641 635 1673; x_wconf 87' lang='lat' dir='ltr'>famul</span> <span class='ocrx_word' id='word_1_73' title='bbox 677 1642 810 1674; x_wconf 83' lang='lat' dir='ltr'>infimus</span> <span class='ocrx_word' id='word_1_74' title='bbox 844 1644 955 1674; x_wconf 84' lang='lat' dir='ltr'>esset.’</span> <span class='ocrx_word' id='word_1_75' title='bbox 1075 1643 1108 1674; x_wconf 97' lang='lat' dir='ltr'>X</span> <span class='ocrx_word' id='word_1_76' title='bbox 1141 1643 1335 1673; x_wconf 74' lang='lat' dir='ltr'>Priscianus</span> <span class='ocrx_word' id='word_1_77' title='bbox 1368 1643 1413 1673; x_wconf 63' lang='lat' dir='ltr'>Vl</span> <span class='ocrx_word' id='word_1_78' title='bbox 1453 1653 1486 1684; x_wconf 90' lang='lat' dir='ltr'>p.</span> <span class='ocrx_word' id='word_1_79' title='bbox 1523 1644 1591 1674; x_wconf 71' lang='lat'>724</span> <span class='ocrx_word' id='word_1_80' title='bbox 1622 1643 1657 1674; x_wconf 88' lang='grc' dir='ltr'>Ρ.</span> 
     </span>
     <span class='ocr_line' id='line_1_20' title="bbox 183 1681 1658 1731; baseline 0.001 -13"><span class='ocrx_word' id='word_1_81' title='bbox 183 1690 212 1729; x_wconf 77' lang='grc' dir='ltr'>(Ι</span> <span class='ocrx_word' id='word_1_82' title='bbox 236 1698 269 1729; x_wconf 91' lang='lat' dir='ltr'>p.</span> <span class='ocrx_word' id='word_1_83' title='bbox 291 1688 358 1720; x_wconf 77' lang='lat'>284</span> <span class='ocrx_word' id='word_1_84' title='bbox 377 1688 436 1727; x_wconf 82' lang='grc' dir='ltr'>Κ.)</span> <span class='ocrx_word' id='word_1_85' title='bbox 470 1687 589 1718; x_wconf 62' lang='lat' dir='ltr'>‘frux</span> <span class='ocrx_word' id='word_1_86' title='bbox 616 1689 719 1719; x_wconf 79' lang='lat' dir='ltr'>etiam</span> <span class='ocrx_word' id='word_1_87' title='bbox 743 1688 852 1730; x_wconf 81' lang='lat' dir='ltr'>frugis</span> <span class='ocrx_word' id='word_1_88' title='bbox 878 1688 958 1720; x_wconf 79' lang='lat' dir='ltr'>facit</span> <span class='ocrx_word' id='word_1_89' title='bbox 983 1690 1199 1731; x_wconf 76' lang='lat' dir='ltr'>genetiuum,</span> <span class='ocrx_word' id='word_1_90' title='bbox 1233 1689 1312 1728; x_wconf 86' lang='lat' dir='ltr'>quia</span> <span class='ocrx_word' id='word_1_91' title='bbox 1337 1681 1413 1719; x_wconf 72' lang='grc' dir='ltr'>ἀπὸ</span> <span class='ocrx_word' id='word_1_92' title='bbox 1440 1685 1508 1719; x_wconf 79' lang='grc' dir='ltr'>τοῦ</span> <span class='ocrx_word' id='word_1_93' title='bbox 1529 1683 1658 1729; x_wconf 75' lang='grc' dir='ltr'><em>φρύγω</em></span> 
     </span>
     <span class='ocr_line' id='line_1_21' title="bbox 184 1734 1659 1777; baseline 0.001 -14"><span class='ocrx_word' id='word_1_94' title='bbox 184 1735 285 1765; x_wconf 85' lang='lat' dir='ltr'>uerbo</span> <span class='ocrx_word' id='word_1_95' title='bbox 308 1735 433 1766; x_wconf 82' lang='lat' dir='ltr'>Graeco</span> <span class='ocrx_word' id='word_1_96' title='bbox 454 1735 613 1765; x_wconf 75' lang='lat' dir='ltr'>nascitur.</span> <span class='ocrx_word' id='word_1_97' title='bbox 659 1735 786 1765; x_wconf 83' lang='lat' dir='ltr'>Ennius</span> <span class='ocrx_word' id='word_1_98' title='bbox 806 1735 838 1765; x_wconf 90' lang='lat' dir='ltr'>in</span> <span class='ocrx_word' id='word_1_99' title='bbox 857 1735 956 1766; x_wconf 72' lang='lat' dir='ltr'>XVI:</span> <span class='ocrx_word' id='word_1_100' title='bbox 985 1734 1154 1776; x_wconf 74' lang='lat' dir='ltr'>[XVIJIJ.</span> <span class='ocrx_word' id='word_1_101' title='bbox 1191 1734 1284 1766; x_wconf 88' lang='lat' dir='ltr'>Idem</span> <span class='ocrx_word' id='word_1_102' title='bbox 1306 1735 1339 1764; x_wconf 87' lang='lat' dir='ltr'>iu</span> <span class='ocrx_word' id='word_1_103' title='bbox 1359 1735 1455 1766; x_wconf 70' lang='lat' dir='ltr'>VIIII</span> <span class='ocrx_word' id='word_1_104' title='bbox 1481 1745 1541 1776; x_wconf 88' lang='lat' dir='ltr'>pro</span> <span class='ocrx_word' id='word_1_105' title='bbox 1569 1734 1659 1777; x_wconf 84' lang='lat' dir='ltr'>frugi</span> 
     </span>
     <span class='ocr_line' id='line_1_22' title="bbox 183 1779 1610 1822; baseline 0.001 -12"><span class='ocrx_word' id='word_1_106' title='bbox 183 1779 282 1811; x_wconf 83' lang='lat' dir='ltr'>homo</span> <span class='ocrx_word' id='word_1_107' title='bbox 307 1780 403 1811; x_wconf 80' lang='lat' dir='ltr'>frux</span> <span class='ocrx_word' id='word_1_108' title='bbox 422 1781 517 1822; x_wconf 91' lang='lat' dir='ltr'>ponit</span> <span class='ocrx_word' id='word_1_109' title='bbox 534 1781 624 1820; x_wconf 88' lang='lat' dir='ltr'>quod</span> <span class='ocrx_word' id='word_1_110' title='bbox 646 1787 695 1812; x_wconf 85' lang='lat' dir='ltr'>est</span> <span class='ocrx_word' id='word_1_111' title='bbox 714 1781 935 1812; x_wconf 73' lang='lat' dir='ltr'>adiectiuum:</span> <span class='ocrx_word' id='word_1_112' title='bbox 964 1781 1043 1812; x_wconf 77' lang='lat' dir='ltr'>sed¹</span> <span class='ocrx_word' id='word_1_113' title='bbox 1072 1792 1100 1812; x_wconf 86' lang='lat' dir='ltr'>e.</span> <span class='ocrx_word' id='word_1_114' title='bbox 1121 1792 1151 1821; x_wconf 93' lang='lat' dir='ltr'>q.</span> <span class='ocrx_word' id='word_1_115' title='bbox 1175 1791 1201 1812; x_wconf 89' lang='lat' dir='ltr'>s.</span> <span class='ocrx_word' id='word_1_116' title='bbox 1231 1784 1238 1796; x_wconf 72' lang='lat'><strong>⁶</strong></span> <span class='ocrx_word' id='word_1_117' title='bbox 1253 1781 1287 1811; x_wconf 83' lang='lat' dir='ltr'>id</span> <span class='ocrx_word' id='word_1_118' title='bbox 1309 1786 1358 1811; x_wconf 84' lang='lat' dir='ltr'>est</span> <span class='ocrx_word' id='word_1_119' title='bbox 1380 1780 1469 1822; x_wconf 83' lang='lat' dir='ltr'>frugi</span> <span class='ocrx_word' id='word_1_120' title='bbox 1487 1781 1610 1812; x_wconf 88' lang='lat' dir='ltr'>homo.&#39;</span> 
     </span>
    </p>

    <p class='ocr_par' dir='ltr' id='par_1_11' title="bbox 180 1826 1659 2237">
     <span class='ocr_line' id='line_1_23' title="bbox 227 1826 1659 1869; baseline 0 -12"><span class='ocrx_word' id='word_1_121' title='bbox 227 1826 272 1857; x_wconf 83' lang='lat' dir='ltr'>XI</span> <span class='ocrx_word' id='word_1_122' title='bbox 300 1826 428 1857; x_wconf 74' lang='lat' dir='ltr'>Nonius</span> <span class='ocrx_word' id='word_1_123' title='bbox 446 1826 570 1868; x_wconf 80' lang='lat' dir='ltr'>p.217‚</span> <span class='ocrx_word' id='word_1_124' title='bbox 595 1827 636 1859; x_wconf 87' lang='lat'>10</span> <span class='ocrx_word' id='word_1_125' title='bbox 663 1827 831 1869; x_wconf 88' lang='lat' dir='ltr'>‘puluis</span> <span class='ocrx_word' id='word_1_126' title='bbox 850 1828 985 1869; x_wconf 84' lang='lat' dir='ltr'>generis</span> <span class='ocrx_word' id='word_1_127' title='bbox 1003 1827 1181 1858; x_wconf 81' lang='lat' dir='ltr'>masculini</span> <span class='ocrx_word' id='word_1_128' title='bbox 1203 1833 1235 1857; x_wconf 88' lang='lat' dir='ltr'>ut</span> <span class='ocrx_word' id='word_1_129' title='bbox 1257 1836 1372 1867; x_wconf 80' lang='lat' dir='ltr'>saepe.</span> <span class='ocrx_word' id='word_1_130' title='bbox 1410 1827 1575 1858; x_wconf 81' lang='lat' dir='ltr'>Feminini</span> <span class='ocrx_word' id='word_1_131' title='bbox 1594 1827 1659 1858; x_wconf 90' lang='lat' dir='ltr'>En-</span> 
     </span>
     <span class='ocr_line' id='line_1_24' title="bbox 181 1872 1658 1914; baseline 0.001 -13"><span class='ocrx_word' id='word_1_132' title='bbox 181 1872 256 1903; x_wconf 85' lang='lat' dir='ltr'>nius</span> <span class='ocrx_word' id='word_1_133' title='bbox 286 1872 444 1906; x_wconf 64' lang='lat' dir='ltr'>lib‚V111</span> <span class='ocrx_word' id='word_1_134' title='bbox 473 1873 666 1903; x_wconf 84' lang='lat' dir='ltr'>annalium:</span> <span class='ocrx_word' id='word_1_135' title='bbox 700 1874 867 1913; x_wconf 87' lang='lat' dir='ltr'>iamque</span> <span class='ocrx_word' id='word_1_136' title='bbox 894 1874 982 1904; x_wconf 84' lang='lat' dir='ltr'>fere</span> <span class='ocrx_word' id='word_1_137' title='bbox 1007 1873 1156 1914; x_wconf 84' lang='lat' dir='ltr'>puluis</span> <span class='ocrx_word' id='word_1_138' title='bbox 1183 1873 1233 1904; x_wconf 82' lang='lat' dir='ltr'>ad</span> <span class='ocrx_word' id='word_1_139' title='bbox 1261 1872 1423 1903; x_wconf 84' lang='lat' dir='ltr'>caelum</span> <span class='ocrx_word' id='word_1_140' title='bbox 1443 1879 1566 1903; x_wconf 84' lang='lat' dir='ltr'>uasta</span> <span class='ocrx_word' id='word_1_141' title='bbox 1591 1874 1658 1903; x_wconf 87' lang='lat' dir='ltr'>ui-</span> 
     </span>
     <span class='ocr_line' id='line_1_25' title="bbox 182 1917 1657 1960; baseline 0.001 -12"><span class='ocrx_word' id='word_1_142' title='bbox 182 1919 316 1949; x_wconf 80' lang='lat' dir='ltr'>detur.</span> <span class='ocrx_word' id='word_1_143' title='bbox 357 1918 448 1949; x_wconf 77' lang='lat' dir='ltr'>Ideni</span> <span class='ocrx_word' id='word_1_144' title='bbox 467 1918 527 1950; x_wconf 91' lang='lat' dir='ltr'>lib.</span> <span class='ocrx_word' id='word_1_145' title='bbox 549 1919 644 1949; x_wconf 62' lang='lat' dir='ltr'>VIIII</span> <span class='ocrx_word' id='word_1_146' title='bbox 668 1942 694 1950; x_wconf 91' lang='lat'>..</span> <span class='ocrx_word' id='word_1_147' title='bbox 709 1920 734 1950; x_wconf 92' lang='lat'>.&#39;</span> <span class='ocrx_word' id='word_1_148' title='bbox 832 1919 895 1950; x_wconf 86' lang='lat' dir='ltr'>XII</span> <span class='ocrx_word' id='word_1_149' title='bbox 922 1918 1061 1949; x_wconf 88' lang='lat' dir='ltr'>Seruius</span> <span class='ocrx_word' id='word_1_150' title='bbox 1081 1919 1112 1949; x_wconf 87' lang='lat' dir='ltr'>in</span> <span class='ocrx_word' id='word_1_151' title='bbox 1133 1917 1380 1960; x_wconf 80' lang='lat' dir='ltr'>Georg.11437</span> <span class='ocrx_word' id='word_1_152' title='bbox 1409 1918 1657 1950; x_wconf 59' lang='lat' dir='ltr'>‘undantem</span> 
     </span>
     <span class='ocr_line' id='line_1_26' title="bbox 181 1963 1564 2006; baseline 0.001 -12"><span class='ocrx_word' id='word_1_153' title='bbox 181 1964 418 1998; x_wconf 81' lang='lat' dir='ltr'>abundantem.</span> <span class='ocrx_word' id='word_1_154' title='bbox 471 1965 598 1995; x_wconf 88' lang='lat' dir='ltr'>Ennius</span> <span class='ocrx_word' id='word_1_155' title='bbox 633 1964 690 1995; x_wconf 93' lang='lat' dir='ltr'>lib.</span> <span class='ocrx_word' id='word_1_156' title='bbox 724 1964 770 1995; x_wconf 91' lang='lat' dir='ltr'>IX</span> <span class='ocrx_word' id='word_1_157' title='bbox 924 1964 1111 2006; x_wconf 80' lang='lat' dir='ltr'>Supersunt</span> <span class='ocrx_word' id='word_1_158' title='bbox 1140 1974 1205 1995; x_wconf 91' lang='lat' dir='ltr'>non</span> <span class='ocrx_word' id='word_1_159' title='bbox 1236 1965 1301 1995; x_wconf 86' lang='lat' dir='ltr'>nisi</span> <span class='ocrx_word' id='word_1_160' title='bbox 1332 1965 1365 1995; x_wconf 90' lang='lat' dir='ltr'>in</span> <span class='ocrx_word' id='word_1_161' title='bbox 1397 1964 1423 1995; x_wconf 89' lang='lat' dir='ltr'>G</span> <span class='ocrx_word' id='word_1_162' title='bbox 1449 1963 1564 1995; x_wconf 89' lang='lat' dir='ltr'>Liouis</span> 
     </span>
     <span class='ocr_line' id='line_1_27' title="bbox 180 2009 1657 2052; baseline 0.001 -13"><span class='ocrx_word' id='word_1_163' title='bbox 180 2009 258 2040; x_wconf 89' lang='lat' dir='ltr'>XIII</span> <span class='ocrx_word' id='word_1_164' title='bbox 292 2010 407 2041; x_wconf 76' lang='lat' dir='ltr'>Cicero</span> <span class='ocrx_word' id='word_1_165' title='bbox 429 2010 518 2041; x_wconf 82' lang='lat' dir='ltr'>Orat.</span> <span class='ocrx_word' id='word_1_166' title='bbox 538 2012 594 2045; x_wconf 79' lang='lat'>45,</span> <span class='ocrx_word' id='word_1_167' title='bbox 620 2010 683 2042; x_wconf 78' lang='lat'>152</span> <span class='ocrx_word' id='word_1_168' title='bbox 718 2011 836 2041; x_wconf 85' lang='lat' dir='ltr'>‘nobis</span> <span class='ocrx_word' id='word_1_169' title='bbox 863 2021 903 2041; x_wconf 85' lang='lat' dir='ltr'>ne</span> <span class='ocrx_word' id='word_1_170' title='bbox 928 2012 956 2040; x_wconf 87' lang='lat' dir='ltr'>si</span> <span class='ocrx_word' id='word_1_171' title='bbox 982 2011 1158 2052; x_wconf 79' lang='lat' dir='ltr'>cupiamus</span> <span class='ocrx_word' id='word_1_172' title='bbox 1185 2010 1320 2050; x_wconf 76' lang='lat' dir='ltr'>quidem</span> <span class='ocrx_word' id='word_1_173' title='bbox 1347 2010 1533 2041; x_wconf 83' lang='lat' dir='ltr'>distrahere</span> <span class='ocrx_word' id='word_1_174' title='bbox 1557 2020 1657 2042; x_wconf 81' lang='lat' dir='ltr'>uoces</span> 
     </span>
     <span class='ocr_line' id='line_1_28' title="bbox 181 2056 1656 2098; baseline 0.001 -13"><span class='ocrx_word' id='word_1_175' title='bbox 181 2056 385 2086; x_wconf 74' lang='lat' dir='ltr'>conceditur.</span> <span class='ocrx_word' id='word_1_176' title='bbox 424 2056 575 2087; x_wconf 79' lang='lat' dir='ltr'>Indicant</span> <span class='ocrx_word' id='word_1_177' title='bbox 594 2057 761 2087; x_wconf 83' lang='lat' dir='ltr'>orationes</span> <span class='ocrx_word' id='word_1_178' title='bbox 781 2056 859 2087; x_wconf 82' lang='lat' dir='ltr'>illae</span> <span class='ocrx_word' id='word_1_179' title='bbox 881 2057 975 2098; x_wconf 76' lang='lat' dir='ltr'>Ipsae</span> <span class='ocrx_word' id='word_1_180' title='bbox 993 2056 1187 2088; x_wconf 82' lang='lat' dir='ltr'>horridulae</span> <span class='ocrx_word' id='word_1_181' title='bbox 1206 2056 1353 2095; x_wconf 73' lang='lat' dir='ltr'>Catonis,</span> <span class='ocrx_word' id='word_1_182' title='bbox 1373 2057 1521 2087; x_wconf 82' lang='lat' dir='ltr'>indicant</span> <span class='ocrx_word' id='word_1_183' title='bbox 1541 2066 1656 2088; x_wconf 87' lang='lat' dir='ltr'>omues</span> 
     </span>
     <span class='ocr_line' id='line_1_29' title="bbox 181 2102 1552 2144; baseline 0.001 -12"><span class='ocrx_word' id='word_1_184' title='bbox 181 2103 300 2142; x_wconf 65' lang='lat' dir='ltr'>poetae</span> <span class='ocrx_word' id='word_1_185' title='bbox 326 2107 458 2143; x_wconf 81' lang='lat' dir='ltr'>praeter</span> <span class='ocrx_word' id='word_1_186' title='bbox 484 2111 558 2139; x_wconf 79' lang='lat' dir='ltr'>eos,</span> <span class='ocrx_word' id='word_1_187' title='bbox 591 2103 646 2142; x_wconf 87' lang='lat' dir='ltr'>qui</span> <span class='ocrx_word' id='word_1_188' title='bbox 672 2108 707 2132; x_wconf 88' lang='lat' dir='ltr'>ut</span> <span class='ocrx_word' id='word_1_189' title='bbox 725 2112 861 2133; x_wconf 82' lang='lat' dir='ltr'>uersum</span> <span class='ocrx_word' id='word_1_190' title='bbox 884 2102 1031 2133; x_wconf 68' lang='lat' dir='ltr'>facerent</span> <span class='ocrx_word' id='word_1_191' title='bbox 1059 2113 1160 2144; x_wconf 83' lang='lat' dir='ltr'>saepe</span> <span class='ocrx_word' id='word_1_192' title='bbox 1188 2102 1325 2133; x_wconf 80' lang='lat' dir='ltr'>hiabant</span> <span class='ocrx_word' id='word_1_193' title='bbox 1351 2109 1385 2133; x_wconf 84' lang='lat' dir='ltr'>ut</span> <span class='ocrx_word' id='word_1_194' title='bbox 1404 2102 1552 2133; x_wconf 83' lang='lat' dir='ltr'>Naeuius</span> 
     </span>
     <span class='ocr_line' id='line_1_30' title="bbox 180 2147 1562 2190; baseline 0.001 -13"><span class='ocrx_word' id='word_1_195' title='bbox 180 2154 211 2178; x_wconf 85' lang='lat' dir='ltr'>at</span> <span class='ocrx_word' id='word_1_196' title='bbox 234 2148 359 2178; x_wconf 86' lang='lat' dir='ltr'>Ennius</span> <span class='ocrx_word' id='word_1_197' title='bbox 378 2147 482 2179; x_wconf 85' lang='lat' dir='ltr'>semel</span> <span class='ocrx_word' id='word_1_198' title='bbox 502 2147 652 2189; x_wconf 72' lang='lat' dir='ltr'>Scipio</span> <span class='ocrx_word' id='word_1_199' title='bbox 673 2149 859 2179; x_wconf 76' lang='lat' dir='ltr'>inuicte.y</span> <span class='ocrx_word' id='word_1_200' title='bbox 890 2149 975 2179; x_wconf 76' lang='lat' dir='ltr'>Huic</span> <span class='ocrx_word' id='word_1_201' title='bbox 995 2149 1066 2180; x_wconf 79' lang='lat' dir='ltr'>loco</span> <span class='ocrx_word' id='word_1_202' title='bbox 1086 2149 1292 2179; x_wconf 85' lang='lat' dir='ltr'>uindicatum</span> <span class='ocrx_word' id='word_1_203' title='bbox 1315 2148 1355 2179; x_wconf 88' lang='lat' dir='ltr'>ab</span> <span class='ocrx_word' id='word_1_204' title='bbox 1377 2148 1438 2179; x_wconf 87' lang='lat' dir='ltr'>Th.</span> <span class='ocrx_word' id='word_1_205' title='bbox 1452 2149 1562 2190; x_wconf 85' lang='lat' dir='ltr'>Hugio</span> 
     </span>
     <span class='ocr_line' id='line_1_31' title="bbox 181 2193 1655 2237; baseline 0.001 -13"><span class='ocrx_word' id='word_1_206' title='bbox 181 2193 259 2225; x_wconf 80' lang='lat' dir='ltr'>xlv</span> <span class='ocrx_word' id='word_1_207' title='bbox 287 2194 414 2225; x_wconf 78' lang='lat' dir='ltr'>Nouius</span> <span class='ocrx_word' id='word_1_208' title='bbox 434 2204 467 2235; x_wconf 91' lang='lat' dir='ltr'>p.</span> <span class='ocrx_word' id='word_1_209' title='bbox 485 2194 560 2232; x_wconf 84' lang='lat'>150,</span> <span class='ocrx_word' id='word_1_210' title='bbox 579 2193 624 2226; x_wconf 87' lang='lat'>30</span> <span class='ocrx_word' id='word_1_211' title='bbox 651 2195 941 2236; x_wconf 74' lang='lat' dir='ltr'>*perpetuitas</span> <span class='ocrx_word' id='word_1_212' title='bbox 961 2195 1015 2226; x_wconf 86' lang='lat' dir='ltr'>sit</span> <span class='ocrx_word' id='word_1_213' title='bbox 1035 2201 1198 2237; x_wconf 86' lang='lat' dir='ltr'>perpetua</span> <span class='ocrx_word' id='word_1_214' title='bbox 1219 2201 1367 2229; x_wconf 83' lang='lat' dir='ltr'>aeterna.</span> <span class='ocrx_word' id='word_1_215' title='bbox 1396 2195 1524 2225; x_wconf 84' lang='lat' dir='ltr'>Ennius</span> <span class='ocrx_word' id='word_1_216' title='bbox 1542 2195 1655 2226; x_wconf 83' lang='lat' dir='ltr'>annali</span> 
     </span>
    </p>
   </div>
   <div class='ocr_carea' id='block_1_11' title="bbox 174 2328 1654 2712">
    <p class='ocr_par' dir='ltr' id='par_1_12' title="bbox 174 2328 1654 2712">
     <span class='ocr_line' id='line_1_32' title="bbox 234 2328 1654 2378; baseline 0.001 -15"><span class='ocrx_word' id='word_1_217' title='bbox 234 2331 303 2365; x_wconf 83' lang='lat'>316</span> <span class='ocrx_word' id='word_1_218' title='bbox 334 2339 477 2363; x_wconf 84' lang='lat' dir='ltr'>summa</span> <span class='ocrx_word' id='word_1_219' title='bbox 498 2328 597 2363; x_wconf 75' lang='lat' dir='ltr'>Leicl.</span> <span class='ocrx_word' id='word_1_220' title='bbox 714 2332 929 2374; x_wconf 77' lang='lat' dir='ltr'>repentente</span> <span class='ocrx_word' id='word_1_221' title='bbox 960 2329 1009 2364; x_wconf 86' lang='lat' dir='ltr'><em>W</em></span> <span class='ocrx_word' id='word_1_222' title='bbox 1145 2333 1213 2369; x_wconf 87' lang='lat'>317</span> <span class='ocrx_word' id='word_1_223' title='bbox 1237 2342 1257 2365; x_wconf 83' lang='lat' dir='ltr'>e</span> <span class='ocrx_word' id='word_1_224' title='bbox 1280 2342 1424 2366; x_wconf 86' lang='lat' dir='ltr'>summo</span> <span class='ocrx_word' id='word_1_225' title='bbox 1447 2342 1586 2378; x_wconf 79' lang='lat' dir='ltr'>regno,</span> <span class='ocrx_word' id='word_1_226' title='bbox 1616 2335 1654 2366; x_wconf 87' lang='lat' dir='ltr'>ut</span> 
     </span>
     <span class='ocr_line' id='line_1_33' title="bbox 181 2384 1651 2434; baseline 0.003 -17"><span class='ocrx_word' id='word_1_227' title='bbox 181 2384 291 2418; x_wconf 73' lang='lat' dir='ltr'>famul</span> <span class='ocrx_word' id='word_1_228' title='bbox 318 2384 498 2430; x_wconf 78' lang='lat' dir='ltr'>Gifam‘us.</span> <span class='ocrx_word' id='word_1_229' title='bbox 523 2396 665 2419; x_wconf 75' lang='lat' dir='ltr'>summo</span> <span class='ocrx_word' id='word_1_230' title='bbox 691 2396 808 2431; x_wconf 81' lang='lat' dir='ltr'>regno</span> <span class='ocrx_word' id='word_1_231' title='bbox 830 2386 942 2420; x_wconf 85' lang='lat' dir='ltr'>famul</span> <span class='ocrx_word' id='word_1_232' title='bbox 965 2390 1002 2420; x_wconf 90' lang='lat' dir='ltr'>ut</span> <span class='ocrx_word' id='word_1_233' title='bbox 1022 2385 1115 2421; x_wconf 79' lang='lat' dir='ltr'>libri.</span> <span class='ocrx_word' id='word_1_234' title='bbox 1138 2391 1175 2422; x_wconf 90' lang='lat' dir='ltr'>ut</span> <span class='ocrx_word' id='word_1_235' title='bbox 1195 2398 1339 2422; x_wconf 85' lang='lat' dir='ltr'>summo</span> <span class='ocrx_word' id='word_1_236' title='bbox 1361 2399 1380 2423; x_wconf 92' lang='lat' dir='ltr'>e</span> <span class='ocrx_word' id='word_1_237' title='bbox 1401 2399 1519 2434; x_wconf 82' lang='lat' dir='ltr'>regno</span> <span class='ocrx_word' id='word_1_238' title='bbox 1542 2388 1651 2422; x_wconf 75' lang='lat' dir='ltr'>famul</span> 
     </span>
     <span class='ocr_line' id='line_1_34' title="bbox 179 2440 1652 2489; baseline 0.002 -15"><span class='ocrx_word' id='word_1_239' title='bbox 179 2440 349 2475; x_wconf 76' lang='lat' dir='ltr'>Columna</span> <span class='ocrx_word' id='word_1_240' title='bbox 466 2441 612 2475; x_wconf 80' lang='lat' dir='ltr'>infimus</span> <span class='ocrx_word' id='word_1_241' title='bbox 640 2441 785 2487; x_wconf 76' lang='lat' dir='ltr'>Lipsius</span> <span class='ocrx_word' id='word_1_242' title='bbox 810 2442 893 2475; x_wconf 78' lang='lat' dir='ltr'>Ant.</span> <span class='ocrx_word' id='word_1_243' title='bbox 916 2441 1013 2477; x_wconf 80' lang='lat' dir='ltr'>Leet.</span> <span class='ocrx_word' id='word_1_244' title='bbox 1044 2441 1108 2477; x_wconf 88' lang='lat' dir='ltr'>IV</span> <span class='ocrx_word' id='word_1_245' title='bbox 1127 2447 1161 2479; x_wconf 78' lang='grc' dir='ltr'>ὁ.</span> <span class='ocrx_word' id='word_1_246' title='bbox 1192 2444 1352 2489; x_wconf 84' lang='lat' dir='ltr'>optimus</span> <span class='ocrx_word' id='word_1_247' title='bbox 1381 2444 1474 2478; x_wconf 76' lang='lat' dir='ltr'>libri.</span> <span class='ocrx_word' id='word_1_248' title='bbox 1506 2444 1652 2477; x_wconf 82' lang='lat' dir='ltr'>ultimus</span> 
     </span>
     <span class='ocr_line' id='line_1_35' title="bbox 180 2495 1651 2544; baseline 0.003 -15"><span class='ocrx_word' id='word_1_249' title='bbox 180 2495 224 2529; x_wconf 90' lang='lat' dir='ltr'>N.</span> <span class='ocrx_word' id='word_1_250' title='bbox 238 2496 360 2531; x_wconf 78' lang='lat' dir='ltr'>Faber</span> <span class='ocrx_word' id='word_1_251' title='bbox 500 2500 569 2534; x_wconf 84' lang='lat'>318</span> <span class='ocrx_word' id='word_1_252' title='bbox 590 2508 660 2544; x_wconf 73' lang='lat' dir='ltr'>que</span> <span class='ocrx_word' id='word_1_253' title='bbox 679 2497 769 2543; x_wconf 67' lang='lat' dir='ltr'>Rey.</span> <span class='ocrx_word' id='word_1_254' title='bbox 785 2508 833 2531; x_wconf 78' lang='lat' dir='ltr'>m.</span> <span class='ocrx_word' id='word_1_255' title='bbox 851 2498 913 2532; x_wconf 81' lang='lat' dir='ltr'>all.</span> <span class='ocrx_word' id='word_1_256' title='bbox 1057 2501 1126 2536; x_wconf 80' lang='lat'>319</span> <span class='ocrx_word' id='word_1_257' title='bbox 1148 2500 1294 2544; x_wconf 83' lang='lat' dir='ltr'>iamque</span> <span class='ocrx_word' id='word_1_258' title='bbox 1319 2500 1392 2533; x_wconf 79' lang='lat' dir='ltr'>fere</span> <span class='ocrx_word' id='word_1_259' title='bbox 1414 2499 1536 2544; x_wconf 89' lang='lat' dir='ltr'>puluis</span> <span class='ocrx_word' id='word_1_260' title='bbox 1558 2499 1651 2533; x_wconf 76' lang='lat' dir='ltr'>libri.</span> 
     </span>
     <span class='ocr_line' id='line_1_36' title="bbox 175 2545 1651 2600; baseline 0.002 -15"><span class='ocrx_word' id='word_1_261' title='bbox 175 2552 351 2596; x_wconf 71' lang='lat' dir='ltr'>ylossema</span> <span class='ocrx_word' id='word_1_262' title='bbox 375 2554 463 2587; x_wconf 78' lang='lat' dir='ltr'>eieci</span> <span class='ocrx_word' id='word_1_263' title='bbox 489 2564 570 2587; x_wconf 76' lang='lat' dir='ltr'>cum</span> <span class='ocrx_word' id='word_1_264' title='bbox 596 2545 660 2588; x_wconf 64' lang='lat' dir='ltr'>Tless</span> <span class='ocrx_word' id='word_1_265' title='bbox 690 2553 809 2599; x_wconf 68' lang='lat' dir='ltr'>Huyz&#39;n</span> <span class='ocrx_word' id='word_1_266' title='bbox 947 2556 1012 2591; x_wconf 82' lang='lat'>321</span> <span class='ocrx_word' id='word_1_267' title='bbox 1060 2554 1116 2600; x_wconf 83' lang='lat' dir='ltr'>Cf.</span> <span class='ocrx_word' id='word_1_268' title='bbox 1156 2555 1374 2590; x_wconf 75' lang='lat' dir='ltr'>Rilsclzelius</span> <span class='ocrx_word' id='word_1_269' title='bbox 1408 2555 1511 2589; x_wconf 81' lang='lat' dir='ltr'>Prol.</span> <span class='ocrx_word' id='word_1_270' title='bbox 1551 2554 1582 2589; x_wconf 88' lang='lat' dir='ltr'><em>T</em></span> <span class='ocrx_word' id='word_1_271' title='bbox 1580 2556 1651 2589; x_wconf 83' lang='lat' dir='ltr'>rin.</span> 
     </span>
     <span class='ocr_line' id='line_1_37' title="bbox 174 2607 1652 2655; baseline 0.002 -14"><span class='ocrx_word' id='word_1_272' title='bbox 174 2618 213 2651; x_wconf 70' lang='grc' dir='ltr'>ρ.</span> <span class='ocrx_word' id='word_1_273' title='bbox 240 2607 462 2651; x_wconf 69' lang='lat' dir='ltr'>CXCVIII7</span> <span class='ocrx_word' id='word_1_274' title='bbox 494 2608 754 2644; x_wconf 66' lang='lat' dir='ltr'>Laclmemmus</span> <span class='ocrx_word' id='word_1_275' title='bbox 780 2610 831 2644; x_wconf 83' lang='lat' dir='ltr'>ad</span> <span class='ocrx_word' id='word_1_276' title='bbox 850 2609 960 2644; x_wconf 72' lang='lat' dir='ltr'>Lacr.</span> <span class='ocrx_word' id='word_1_277' title='bbox 999 2609 1051 2645; x_wconf 81' lang='lat' dir='ltr'>VI</span> <span class='ocrx_word' id='word_1_278' title='bbox 1074 2612 1141 2647; x_wconf 77' lang='lat'>743</span> <span class='ocrx_word' id='word_1_279' title='bbox 1280 2613 1349 2647; x_wconf 84' lang='lat'>322</span> <span class='ocrx_word' id='word_1_280' title='bbox 1376 2611 1652 2655; x_wconf 81' lang='lat' dir='ltr'>perpetuassint</span> 
     </span>
     <span class='ocr_line' id='line_1_38' title="bbox 178 2663 1654 2712; baseline 0.003 -16"><span class='ocrx_word' id='word_1_281' title='bbox 178 2663 354 2698; x_wconf 77' lang='lat' dir='ltr'>Benlinus</span> <span class='ocrx_word' id='word_1_282' title='bbox 379 2669 412 2699; x_wconf 81' lang='lat' dir='ltr'>et</span> <span class='ocrx_word' id='word_1_283' title='bbox 445 2668 514 2699; x_wconf 71' lang='lat' dir='ltr'>‘ex</span> <span class='ocrx_word' id='word_1_284' title='bbox 533 2667 678 2710; x_wconf 66' lang='lat' dir='ltr'>(alliquo</span> <span class='ocrx_word' id='word_1_285' title='bbox 699 2666 920 2711; x_wconf 61' lang='lat' dir='ltr'>exemplar?</span> <span class='ocrx_word' id='word_1_286' title='bbox 949 2665 1110 2701; x_wconf 81' lang='lat' dir='ltr'>Merula.</span> <span class='ocrx_word' id='word_1_287' title='bbox 1144 2667 1371 2712; x_wconf 84' lang='lat' dir='ltr'>perpetuitas</span> <span class='ocrx_word' id='word_1_288' title='bbox 1404 2667 1548 2711; x_wconf 83' lang='lat' dir='ltr'>sintque</span> <span class='ocrx_word' id='word_1_289' title='bbox 1569 2666 1654 2700; x_wconf 78' lang='lat' dir='ltr'>libri</span> 
     </span>
    </p>
   </div>
   <div class='ocr_carea' id='block_1_12' title="bbox 178 2718 781 2781">
    <p class='ocr_par' dir='ltr' id='par_1_13' title="bbox 178 2718 781 2781">
     <span class='ocr_line' id='line_1_39' title="bbox 178 2718 781 2781; baseline 0.008 -16"><span class='ocrx_word' id='word_1_290' title='bbox 178 2733 248 2766; x_wconf 76' lang='lat' dir='ltr'>nisi</span> <span class='ocrx_word' id='word_1_291' title='bbox 272 2735 368 2778; x_wconf 78' lang='lat' dir='ltr'>quod</span> <span class='ocrx_word' id='word_1_292' title='bbox 395 2718 661 2781; x_wconf 59' lang='lat' dir='ltr'>perpetiffssint</span> <span class='ocrx_word' id='word_1_293' title='bbox 681 2735 781 2771; x_wconf 75' lang='lat' dir='ltr'>Lez&#39;cl.</span> 
     </span>
    </p>
   </div>
  </div>
 </body>
</html>
