1762 3057
614 182 948 220 PRAEFATIO
1471 185 1520 214 IX

51 309 155 350 erga
196 309 264 336 me
306 292 574 334 uoluntatem
619 306 730 334 nouo
776 291 972 347 exemplo
1016 289 1216 346 probauit
1252 289 1522 330 LVDovlch

52 375 349 426 SCHOPENVS,
392 367 465 428 qui
496 372 688 413 criticam
718 386 838 413 suam
875 368 1183 426 supellectilem
1220 367 1276 409 ad
1304 367 1523 408 Donatum

50 452 242 493 Terentii
272 453 550 508 interpretem
579 450 817 492 conlectam
842 465 985 491 meum
1015 449 1058 490 in
1088 463 1212 489 usum
1243 447 1446 488 excussit.

162 531 342 572 Talibus
379 536 420 572 et
457 537 543 571 tam
584 529 811 571 luculentis
850 528 1006 570 edendi
1045 527 1249 569 subsidiis
1289 527 1522 567 instructus

51 610 152 652 dum
183 615 298 650 totus
329 623 479 650 uersor
508 610 552 650 in
583 608 831 661 annalibus,
873 607 1092 648 Ottonis
1123 605 1421 647 Ribbeekii
1450 605 1523 646 ad-

51 689 247 730 feruntur
285 688 568 743 Tragicorum
602 688 854 729 Latinorum
890 685 1128 743 Reliquiae.
1191 684 1330 745 Quem
1365 684 1523 726 librum

51 773 330 823 posteaquam
358 773 556 809 accurate
585 767 788 819 tractaui,
825 766 880 807 ad
910 765 990 808 hoe
1019 764 1237 821 singulare
1272 764 1316 804 in
1346 778 1422 804 suo
1453 778 1524 817 ge-

49 861 152 887 nere
197 847 441 902 exemplum
484 861 622 888 meam
671 846 902 887 editionem
951 860 1078 903 quam
1116 857 1287 901 possem
1328 843 1524 899 proxime

51 925 271 981 adplicare
301 926 516 966 constitui.
563 926 755 981 Cumque
783 924 844 966 ibi
875 925 1034 980 optime
1061 924 1113 964 de
1131 923 1263 963 Ennii
1288 922 1525 976 tragoediis

52 1003 295 1046 consultum
331 1004 546 1058 uiderem,
592 1019 641 1046 co
682 1005 853 1045 facilius
890 1020 956 1044 me
996 1003 1080 1044 huc
1125 1001 1282 1043 adduci
1316 1000 1524 1057 patiebar,

50 1089 117 1137 ut,
158 1084 273 1140 quod
302 1099 388 1125 non
418 1098 503 1125 uno
533 1084 706 1125 nomine
745 1089 787 1125 et
816 1084 921 1124 mihi
956 1088 996 1123 et
1026 1081 1121 1122 aliis
1152 1081 1340 1136 optabile
1371 1081 1524 1132 uisum,

50 1162 248 1204 comitem
279 1162 505 1204 annalibus
533 1163 638 1204 haee
669 1162 911 1217 fragmenta
941 1161 1194 1203 subiccrcm.
1243 1160 1403 1213 Quare
1430 1174 1526 1200 cum

51 1241 268 1296 omnibus,
310 1242 464 1297 quibus
505 1242 610 1284 haec
646 1242 787 1283 studia
818 1241 938 1283 cordi
974 1247 1090 1295 sunt,
1128 1247 1299 1296 gratum
1334 1239 1526 1280 facturus

49 1321 240 1374 uiderer,
271 1327 361 1363 tum
391 1322 658 1364 Ribbeckius
690 1321 803 1377 ipse,
834 1320 926 1362 fere
957 1335 1043 1362 non
1074 1319 1331 1372 subuel-eor,
1372 1325 1419 1359 ut
1449 1318 1527 1358 ini-

53 1400 203 1456 quiore
234 1399 375 1443 fronte
405 1403 624 1458 inceptum
654 1416 795 1441 meum
837 1400 1037 1456 excipiat.
1097 1399 1248 1454 Itaque
1278 1400 1322 1439 in
1356 1399 1527 1439 uniuer-

53 1494 146 1520 sum
182 1485 348 1521 textum
388 1481 585 1535 exhibui,
635 1480 804 1537 qualem
848 1479 1068 1521 constituit
1106 1478 1393 1520 Ribbeekius:
1452 1478 1528 1519 sed

52 1573 148 1599 eum
188 1559 349 1613 denuo,
386 1575 440 1601 ne
476 1567 636 1602 temere
676 1575 878 1616 sequerer
918 1559 1069 1600 ducem
1105 1558 1302 1614 quamuis
1341 1557 1526 1598 certissi-

54 1652 188 1691 mum,
216 1639 592 1693 grammaticorum
621 1640 841 1681 uolumina
872 1644 1130 1689 excuterem,
1161 1637 1272 1677 inter
1299 1636 1529 1691 legendum

53 1722 95 1757 et
140 1716 289 1758 addidi
335 1718 544 1774 quaedam
591 1725 632 1760 et
679 1718 936 1759 emendandi
972 1717 1041 1758 hie
1082 1715 1171 1756 illic
1213 1717 1529 1771 opportunitate

53 1810 156 1837 usus
197 1811 304 1837 sum.
380 1796 432 1836 In
469 1812 518 1838 eo
558 1812 660 1840 uero
700 1798 871 1852 longius
911 1812 936 1837 a
974 1794 1216 1836 Ribbeckio
1256 1795 1386 1836 editio
1435 1810 1531 1835 mea

53 1875 237 1929 recedit,
281 1876 396 1932 quod
433 1891 528 1917 011111
569 1877 641 1918 ille
680 1878 772 1918 fere
809 1876 1019 1933 quidquid
1056 1876 1394 1929 fragmentorum
1437 1875 1529 1915 sine

57 1955 306 2009 tragoediae
344 1954 484 1996 indice
521 1956 726 1997 tra-ditum
757 1962 821 1997 est
859 1955 913 1996 ad
950 1957 1134 1997 incertas
1165 1955 1402 2009 relegasset
1434 1954 1529 1995 reli-

58 2034 203 2090 quias,
248 2033 302 2075 de
341 2048 487 2075 eorum
520 2035 622 2076 sede
661 2036 764 2092 quid
793 2034 1028 2076 diuinando
1068 2034 1239 2090 assequi
1273 2039 1440 2090 posset,
1485 2034 1530 2074 in

57 2113 383 2170 quaestionibus
429 2114 610 2155 scenicis
657 2114 945 2171 periclitatus:
990 2114 1105 2170 ipse,
1153 2127 1236 2169 quo
1275 2128 1297 2154 c
1335 2113 1529 2169 reliquiis

58 2193 227 2234 facilius
255 2192 576 2248 tragoediarmn
605 2199 727 2235 tenor
763 2200 1010 2250 appareret,
1050 2193 1225 2234 incertis
1255 2191 1451 2234 uersibus
1485 2193 1527 2233 in

55 2271 213 2312 fabulis
247 2273 373 2327 ipsis,
405 2273 441 2313 si
470 2273 564 2314 fieri
593 2280 779 2330 poterat,
812 2273 953 2315 locum
979 2272 1251 2329 probabilem
1282 2273 1526 2327 adsignaui.

58 2349 259 2406 Denique
297 2365 379 2406 quo
418 2353 561 2392 omnia
596 2353 796 2394 Enniana
833 2368 944 2394 unus
978 2353 1087 2394 liber
1124 2353 1360 2405 contineat,
1401 2353 1529 2392 etiam

59 2429 271 2470 minorum
321 2435 563 2484 poematum
608 2432 793 2472 frustula
839 2433 1079 2488 conquisiui
1122 2447 1172 2473 ac
1210 2433 1315 2484 situ,
1364 2446 1447 2487 quo
1486 2431 1528 2471 hi

58 2508 245 2549 maxime
274 2522 426 2549 uersus
458 2508 632 2550 obducti
659 2509 880 2564 iacebant,
916 2517 963 2551 ut
992 2512 1132 2566 potui,
1161 2516 1345 2567 purgata
1373 2510 1526 2551 adieci.

169 2586 236 2628 Ita
275 2594 585 2629 ematurescere
617 2587 823 2644 paulatim
858 2588 1177 2630 lucubrationes
1207 2590 1252 2630 in
1282 2589 1425 2630 Ennio
1455 2605 1527 2646 po-

59 2667 165 2707 sitae
192 2681 334 2707 meae:
368 2681 464 2708 eum
491 2667 824 2721 RITSCHELIVS,
863 2683 945 2724 quo
971 2669 1099 2709 etiam
1130 2683 1155 2708 a
1181 2674 1381 2725 typorum
1408 2669 1527 2711 char-

57 2751 280 2801 tarumque
309 2745 524 2800 elegantia
553 2747 682 2788 decus
712 2746 927 2802 quoddam
962 2747 1107 2789 libello
1137 2749 1426 2803 contingeret,
1465 2749 1526 2790 bi-

57 2823 288 2880 bliopolam
305 2824 653 2867 honestissimum
683 2832 725 2868 et
747 2841 872 2883 quem
903 2827 956 2869 de
978 2829 1135 2870 nostris
1166 2827 1319 2870 litteris
1352 2830 1526 2885 egregie
