<?xml version="1.0" encoding="UTF-8"?>
<!DOCTYPE html PUBLIC "-//W3C//DTD XHTML 1.0 Transitional//EN"
    "http://www.w3.org/TR/xhtml1/DTD/xhtml1-transitional.dtd">
<html xmlns="http://www.w3.org/1999/xhtml" xml:lang="en" lang="en">
 <head>
  <title>
</title>
<meta http-equiv="Content-Type" content="text/html;charset=utf-8" />
  <meta name='ocr-system' content='tesseract 3.04.00' />
  <meta name='ocr-capabilities' content='ocr_page ocr_carea ocr_par ocr_line ocrx_word'/>
</head>
<body>
  <div class='ocr_page' id='page_1' title='image "./poesisreliquiae00enniuoft_0069.png"; bbox 0 0 1762 3057; ppageno 0'>
   <div class='ocr_carea' id='block_1_1' title="bbox 653 189 1545 227">
    <p class='ocr_par' dir='ltr' id='par_1_1' title="bbox 653 189 1545 227">
     <span class='ocr_line' id='line_1_1' title="bbox 653 189 1545 227; baseline 0.002 -2"><span class='ocrx_word' id='word_1_1' title='bbox 653 189 954 225; x_wconf 80' lang='lat' dir='ltr'>ENNIANAE</span> <span class='ocrx_word' id='word_1_2' title='bbox 1465 198 1545 227; x_wconf 78' lang='lat' dir='ltr'><strong>LXI</strong></span> 
     </span>
    </p>
   </div>
   <div class='ocr_carea' id='block_1_2' title="bbox 60 297 1544 2812">
    <p class='ocr_par' dir='ltr' id='par_1_2' title="bbox 69 297 1543 1039">
     <span class='ocr_line' id='line_1_2' title="bbox 186 297 1543 349; baseline 0.001 -12"><span class='ocrx_word' id='word_1_3' title='bbox 186 299 246 340; x_wconf 85' lang='lat' dir='ltr'><strong>Fr.</strong></span> <span class='ocrx_word' id='word_1_4' title='bbox 283 297 374 335; x_wconf 92' lang='lat' dir='ltr'><strong>XIX</strong></span> <span class='ocrx_word' id='word_1_5' title='bbox 402 302 591 347; x_wconf 78' lang='lat' dir='ltr'><strong>solporeas</strong></span> <span class='ocrx_word' id='word_1_6' title='bbox 623 303 745 346; x_wconf 77' lang='lat' dir='ltr'><strong>posuit</strong></span> <span class='ocrx_word' id='word_1_7' title='bbox 779 303 981 347; x_wconf 75' lang='lat' dir='ltr'><em>spiramina</em></span> <span class='ocrx_word' id='word_1_8' title='bbox 1013 301 1126 336; x_wconf 79' lang='lat' dir='ltr'><strong>Naris</strong></span> <span class='ocrx_word' id='word_1_9' title='bbox 1161 302 1212 336; x_wconf 72' lang='lat' dir='ltr'><strong>cccl</strong></span> <span class='ocrx_word' id='word_1_10' title='bbox 1245 302 1388 349; x_wconf 74' lang='lat' dir='ltr'><strong>mulas,</strong></span> <span class='ocrx_word' id='word_1_11' title='bbox 1437 301 1543 338; x_wconf 87' lang='lat' dir='ltr'><strong>cuius</strong></span> 
     </span>
     <span class='ocr_line' id='line_1_3' title="bbox 72 368 1543 420; baseline 0.002 -14"><span class='ocrx_word' id='word_1_12' title='bbox 72 381 227 406; x_wconf 88' lang='lat' dir='ltr'><strong>sensum</strong></span> <span class='ocrx_word' id='word_1_13' title='bbox 284 369 454 407; x_wconf 74' lang='lat' dir='ltr'><strong>editores</strong></span> <span class='ocrx_word' id='word_1_14' title='bbox 498 381 573 406; x_wconf 90' lang='lat' dir='ltr'><strong>non</strong></span> <span class='ocrx_word' id='word_1_15' title='bbox 626 369 871 419; x_wconf 59' lang='lat' dir='ltr'><strong>indagarunt„</strong></span> <span class='ocrx_word' id='word_1_16' title='bbox 928 368 1073 416; x_wconf 82' lang='lat' dir='ltr'><strong>Hugius</strong></span> <span class='ocrx_word' id='word_1_17' title='bbox 1121 370 1253 406; x_wconf 88' lang='lat' dir='ltr'><strong>nescio</strong></span> <span class='ocrx_word' id='word_1_18' title='bbox 1304 382 1416 420; x_wconf 85' lang='lat' dir='ltr'><strong>quem</strong></span> <span class='ocrx_word' id='word_1_19' title='bbox 1469 371 1543 409; x_wconf 88' lang='lat' dir='ltr'><strong>dici</strong></span> 
     </span>
     <span class='ocr_line' id='line_1_4' title="bbox 73 438 1543 489; baseline 0.002 -13"><span class='ocrx_word' id='word_1_20' title='bbox 73 439 279 487; x_wconf 70' lang='lat' dir='ltr'><strong>censebat,</strong></span> <span class='ocrx_word' id='word_1_21' title='bbox 320 441 381 489; x_wconf 86' lang='lat' dir='ltr'><strong>qui</strong></span> <span class='ocrx_word' id='word_1_22' title='bbox 417 439 461 477; x_wconf 86' lang='lat' dir='ltr'><strong>ad</strong></span> <span class='ocrx_word' id='word_1_23' title='bbox 501 438 613 477; x_wconf 84' lang='lat' dir='ltr'><strong>Naris</strong></span> <span class='ocrx_word' id='word_1_24' title='bbox 655 438 772 476; x_wconf 86' lang='lat' dir='ltr'><strong>undas</strong></span> <span class='ocrx_word' id='word_1_25' title='bbox 808 444 968 475; x_wconf 86' lang='lat' dir='ltr'><strong>mortem</strong></span> <span class='ocrx_word' id='word_1_26' title='bbox 1009 438 1169 476; x_wconf 85' lang='lat' dir='ltr'><strong>obierit:</strong></span> <span class='ocrx_word' id='word_1_27' title='bbox 1209 440 1283 478; x_wconf 89' lang='lat' dir='ltr'><strong>hoc</strong></span> <span class='ocrx_word' id='word_1_28' title='bbox 1323 443 1419 479; x_wconf 91' lang='lat' dir='ltr'><strong>enim</strong></span> <span class='ocrx_word' id='word_1_29' title='bbox 1451 442 1543 480; x_wconf 89' lang='lat' dir='ltr'><strong>illud</strong></span> 
     </span>
     <span class='ocr_line' id='line_1_5' title="bbox 72 510 1540 560; baseline 0.002 -13"><span class='ocrx_word' id='word_1_30' title='bbox 72 522 161 547; x_wconf 91' lang='lat' dir='ltr'><strong>esse</strong></span> <span class='ocrx_word' id='word_1_31' title='bbox 193 510 295 560; x_wconf 91' lang='lat' dir='ltr'><strong>quod</strong></span> <span class='ocrx_word' id='word_1_32' title='bbox 328 516 444 560; x_wconf 75' lang='lat' dir='ltr'><strong>poeta</strong></span> <span class='ocrx_word' id='word_1_33' title='bbox 476 510 575 547; x_wconf 85' lang='lat' dir='ltr'><strong>dicat</strong></span> <span class='ocrx_word' id='word_1_34' title='bbox 605 512 809 557; x_wconf 73' lang='lat' dir='ltr'><em>spiramina</em></span> <span class='ocrx_word' id='word_1_35' title='bbox 834 512 977 555; x_wconf 79' lang='lat' dir='ltr'><strong>posm&#39;l:</strong></span> <span class='ocrx_word' id='word_1_36' title='bbox 1007 520 1231 559; x_wconf 86' lang='lat' dir='ltr'><strong>quamquam</strong></span> <span class='ocrx_word' id='word_1_37' title='bbox 1263 513 1345 550; x_wconf 91' lang='lat' dir='ltr'><strong>eius</strong></span> <span class='ocrx_word' id='word_1_38' title='bbox 1378 513 1540 550; x_wconf 83' lang='lat' dir='ltr'><strong>locutio-</strong></span> 
     </span>
     <span class='ocr_line' id='line_1_6' title="bbox 71 578 1540 631; baseline 0.002 -14"><span class='ocrx_word' id='word_1_39' title='bbox 71 581 127 617; x_wconf 89' lang='lat' dir='ltr'><strong>nis</strong></span> <span class='ocrx_word' id='word_1_40' title='bbox 177 581 393 631; x_wconf 85' lang='lat' dir='ltr'><strong>exemplum</strong></span> <span class='ocrx_word' id='word_1_41' title='bbox 439 592 513 617; x_wconf 91' lang='lat' dir='ltr'><strong>non</strong></span> <span class='ocrx_word' id='word_1_42' title='bbox 555 579 711 629; x_wconf 76' lang='lat' dir='ltr'><strong>repperi</strong></span> <span class='ocrx_word' id='word_1_43' title='bbox 751 584 907 628; x_wconf 84' lang='lat' dir='ltr'><strong>praeter</strong></span> <span class='ocrx_word' id='word_1_44' title='bbox 945 578 1017 615; x_wconf 87' lang='lat' dir='ltr'><strong>hoc</strong></span> <span class='ocrx_word' id='word_1_45' title='bbox 1061 580 1162 629; x_wconf 87' lang='lat' dir='ltr'><strong>quod</strong></span> <span class='ocrx_word' id='word_1_46' title='bbox 1205 580 1382 619; x_wconf 77' lang='lat' dir='ltr'><strong>valerius</strong></span> <span class='ocrx_word' id='word_1_47' title='bbox 1423 581 1540 620; x_wconf 86' lang='lat' dir='ltr'><strong>Maxi-</strong></span> 
     </span>
     <span class='ocr_line' id='line_1_7' title="bbox 69 648 1541 703; baseline 0.003 -16"><span class='ocrx_word' id='word_1_48' title='bbox 69 663 151 687; x_wconf 87' lang='lat' dir='ltr'><strong>mus</strong></span> <span class='ocrx_word' id='word_1_49' title='bbox 192 650 260 688; x_wconf 78' lang='lat' dir='ltr'><strong>vll</strong></span> <span class='ocrx_word' id='word_1_50' title='bbox 293 650 338 699; x_wconf 68' lang='grc'><strong>8,</strong></span> <span class='ocrx_word' id='word_1_51' title='bbox 374 650 522 688; x_wconf 52' lang='lat' dir='ltr'><strong>&amp;dicit</strong></span> <span class='ocrx_word' id='word_1_52' title='bbox 554 654 721 697; x_wconf 72' lang='lat' dir='ltr'><strong>spiritum</strong></span> <span class='ocrx_word' id='word_1_53' title='bbox 752 653 886 696; x_wconf 79' lang='lat' dir='ltr'><strong>posuit.</strong></span> <span class='ocrx_word' id='word_1_54' title='bbox 967 648 1025 685; x_wconf 88' lang='lat' dir='ltr'><strong>De</strong></span> <span class='ocrx_word' id='word_1_55' title='bbox 1061 648 1200 688; x_wconf 83' lang='lat' dir='ltr'><strong>Narnia</strong></span> <span class='ocrx_word' id='word_1_56' title='bbox 1237 652 1388 690; x_wconf 89' lang='lat' dir='ltr'><strong>colonia</strong></span> <span class='ocrx_word' id='word_1_57' title='bbox 1431 666 1541 703; x_wconf 86' lang='lat' dir='ltr'><strong>quam</strong></span> 
     </span>
     <span class='ocr_line' id='line_1_8' title="bbox 70 718 1541 761; baseline 0.002 -3"><span class='ocrx_word' id='word_1_58' title='bbox 70 733 104 758; x_wconf 89' lang='lat' dir='ltr'><strong>a.</strong></span> <span class='ocrx_word' id='word_1_59' title='bbox 129 734 216 758; x_wconf 87' lang='lat' dir='ltr'><strong>u.c.</strong></span> <span class='ocrx_word' id='word_1_60' title='bbox 248 721 328 758; x_wconf 68' lang='lat'><strong>453</strong></span> <span class='ocrx_word' id='word_1_61' title='bbox 368 721 404 757; x_wconf 90' lang='lat' dir='ltr'><strong>iu</strong></span> <span class='ocrx_word' id='word_1_62' title='bbox 447 719 552 756; x_wconf 88' lang='lat' dir='ltr'><strong>bello</strong></span> <span class='ocrx_word' id='word_1_63' title='bbox 585 719 790 755; x_wconf 87' lang='lat' dir='ltr'><strong>Samnitico</strong></span> <span class='ocrx_word' id='word_1_64' title='bbox 833 718 945 755; x_wconf 82' lang='lat' dir='ltr'><strong>tertio</strong></span> <span class='ocrx_word' id='word_1_65' title='bbox 985 719 1186 758; x_wconf 82' lang='lat' dir='ltr'><strong>deductam</strong></span> <span class='ocrx_word' id='word_1_66' title='bbox 1227 734 1315 760; x_wconf 84' lang='lat' dir='ltr'><strong>esse</strong></span> <span class='ocrx_word' id='word_1_67' title='bbox 1352 723 1479 761; x_wconf 87' lang='lat' dir='ltr'><strong>Liuius</strong></span> <span class='ocrx_word' id='word_1_68' title='bbox 1508 723 1541 761; x_wconf 92' lang='lat' dir='ltr'><em>X</em></span> 
     </span>
     <span class='ocr_line' id='line_1_9' title="bbox 74 788 1541 841; baseline 0.001 -12"><span class='ocrx_word' id='word_1_69' title='bbox 74 792 122 829; x_wconf 85' lang='lat'><strong>10</strong></span> <span class='ocrx_word' id='word_1_70' title='bbox 170 797 317 839; x_wconf 69' lang='lat' dir='ltr'><strong>narrat,</strong></span> <span class='ocrx_word' id='word_1_71' title='bbox 372 789 534 838; x_wconf 81' lang='lat' dir='ltr'><strong>cogitari</strong></span> <span class='ocrx_word' id='word_1_72' title='bbox 578 789 730 838; x_wconf 77' lang='lat' dir='ltr'><strong>nequit7</strong></span> <span class='ocrx_word' id='word_1_73' title='bbox 784 788 854 825; x_wconf 89' lang='lat' dir='ltr'><strong>nisi</strong></span> <span class='ocrx_word' id='word_1_74' title='bbox 896 789 978 838; x_wconf 87' lang='lat' dir='ltr'><strong>quis</strong></span> <span class='ocrx_word' id='word_1_75' title='bbox 1014 802 1083 839; x_wconf 89' lang='lat' dir='ltr'><strong>pro</strong></span> <span class='ocrx_word' id='word_1_76' title='bbox 1123 789 1190 827; x_wconf 77' lang='lat' dir='ltr'><strong>vll</strong></span> <span class='ocrx_word' id='word_1_77' title='bbox 1237 803 1430 841; x_wconf 82' lang='lat' dir='ltr'><strong>reponere</strong></span> <span class='ocrx_word' id='word_1_78' title='bbox 1470 793 1541 831; x_wconf 93' lang='lat' dir='ltr'>IIII</span> 
     </span>
     <span class='ocr_line' id='line_1_10' title="bbox 70 859 1543 911; baseline 0.002 -13"><span class='ocrx_word' id='word_1_79' title='bbox 70 861 174 898; x_wconf 86' lang='lat' dir='ltr'><strong>uelit.</strong></span> <span class='ocrx_word' id='word_1_80' title='bbox 238 860 297 898; x_wconf 86' lang='lat' dir='ltr'><strong>Cf.</strong></span> <span class='ocrx_word' id='word_1_81' title='bbox 328 859 511 897; x_wconf 82' lang='lat' dir='ltr'><strong>Martialis</strong></span> <span class='ocrx_word' id='word_1_82' title='bbox 535 860 658 909; x_wconf 85' lang='lat' dir='ltr'><strong>epigr.</strong></span> <span class='ocrx_word' id='word_1_83' title='bbox 684 859 827 897; x_wconf 47' lang='lat'><strong>&amp;1193</strong></span> <span class='ocrx_word' id='word_1_84' title='bbox 863 862 1005 897; x_wconf 74' lang='lat' dir='ltr'><strong>Narnia</strong></span> <span class='ocrx_word' id='word_1_85' title='bbox 1036 864 1235 909; x_wconf 68' lang='lat' dir='ltr'><strong>sulphureo</strong></span> <span class='ocrx_word' id='word_1_86' title='bbox 1266 876 1372 910; x_wconf 78' lang='lat' dir='ltr'><strong>qmtm</strong></span> <span class='ocrx_word' id='word_1_87' title='bbox 1403 869 1543 911; x_wconf 60' lang='lat' dir='ltr'><strong>yut-qil?</strong></span> 
     </span>
     <span class='ocr_line' id='line_1_11' title="bbox 69 929 1541 980; baseline 0.001 -11"><span class='ocrx_word' id='word_1_88' title='bbox 69 935 247 969; x_wconf 73' lang='lat' dir='ltr'><strong>candidus</strong></span> <span class='ocrx_word' id='word_1_89' title='bbox 276 935 393 968; x_wconf 65' lang='lat' dir='ltr'><strong>(tinnis</strong></span> <span class='ocrx_word' id='word_1_90' title='bbox 423 932 567 967; x_wconf 68' lang='lat' dir='ltr'><strong>Cirwil.</strong></span> <span class='ocrx_word' id='word_1_91' title='bbox 634 929 692 967; x_wconf 93' lang='lat' dir='ltr'><strong>De</strong></span> <span class='ocrx_word' id='word_1_92' title='bbox 720 929 820 967; x_wconf 87' lang='lat' dir='ltr'><strong>Nare</strong></span> <span class='ocrx_word' id='word_1_93' title='bbox 848 930 963 968; x_wconf 82' lang='lat' dir='ltr'><strong>lluuio</strong></span> <span class='ocrx_word' id='word_1_94' title='bbox 990 931 1077 969; x_wconf 89' lang='lat' dir='ltr'><strong>uide</strong></span> <span class='ocrx_word' id='word_1_95' title='bbox 1106 931 1318 980; x_wconf 68' lang='lat' dir='ltr'><strong>Vergilium</strong></span> <span class='ocrx_word' id='word_1_96' title='bbox 1347 932 1442 971; x_wconf 84' lang='lat' dir='ltr'><strong>Aen.</strong></span> <span class='ocrx_word' id='word_1_97' title='bbox 1472 933 1541 971; x_wconf 61' lang='lat' dir='ltr'><strong>Vll</strong></span> 
     </span>
     <span class='ocr_line' id='line_1_12' title="bbox 69 1000 598 1039; baseline -0.006 0"><span class='ocrx_word' id='word_1_98' title='bbox 69 1002 147 1039; x_wconf 80' lang='lat'><strong>517</strong></span> <span class='ocrx_word' id='word_1_99' title='bbox 181 1008 218 1039; x_wconf 86' lang='lat' dir='ltr'><strong>et</strong></span> <span class='ocrx_word' id='word_1_100' title='bbox 246 1002 419 1039; x_wconf 92' lang='lat' dir='ltr'><strong>Seruium</strong></span> <span class='ocrx_word' id='word_1_101' title='bbox 450 1001 485 1036; x_wconf 89' lang='lat' dir='ltr'><strong>in</strong></span> <span class='ocrx_word' id='word_1_102' title='bbox 512 1000 547 1037; x_wconf 84' lang='lat' dir='ltr'><strong>li.</strong></span> <span class='ocrx_word' id='word_1_103' title='bbox 575 1000 598 1037; x_wconf 95' lang='lat' dir='ltr'>I.</span> 
     </span>
    </p>

    <p class='ocr_par' dir='ltr' id='par_1_3' title="bbox 65 1070 1544 1615">
     <span class='ocr_line' id='line_1_13' title="bbox 182 1070 1539 1127; baseline 0.003 -18"><span class='ocrx_word' id='word_1_104' title='bbox 182 1072 266 1109; x_wconf 91' lang='lat' dir='ltr'><strong>Duo</strong></span> <span class='ocrx_word' id='word_1_105' title='bbox 298 1083 396 1121; x_wconf 83' lang='lat' dir='ltr'><strong>quae</strong></span> <span class='ocrx_word' id='word_1_106' title='bbox 433 1076 629 1120; x_wconf 86' lang='lat' dir='ltr'><strong>postremo</strong></span> <span class='ocrx_word' id='word_1_107' title='bbox 671 1070 758 1108; x_wconf 85' lang='lat' dir='ltr'><strong>loco</strong></span> <span class='ocrx_word' id='word_1_108' title='bbox 800 1072 931 1120; x_wconf 86' lang='lat' dir='ltr'><strong>posui:</strong></span> <span class='ocrx_word' id='word_1_109' title='bbox 971 1079 1183 1109; x_wconf 68' lang='lat' dir='ltr'><strong>russesrunl</strong></span> <span class='ocrx_word' id='word_1_110' title='bbox 1216 1076 1374 1120; x_wconf 45' lang='lat' dir='ltr'><strong>fraudes</strong></span> <span class='ocrx_word' id='word_1_111' title='bbox 1410 1074 1539 1127; x_wconf 70' lang='lat' dir='ltr'>(XX),</span> 
     </span>
     <span class='ocr_line' id='line_1_14' title="bbox 70 1140 1544 1192; baseline 0.001 -12"><span class='ocrx_word' id='word_1_112' title='bbox 70 1142 170 1192; x_wconf 86' lang='lat' dir='ltr'><strong>quod</strong></span> <span class='ocrx_word' id='word_1_113' title='bbox 198 1142 399 1180; x_wconf 85' lang='lat' dir='ltr'><strong>frustulum</strong></span> <span class='ocrx_word' id='word_1_114' title='bbox 431 1140 655 1178; x_wconf 81' lang='lat' dir='ltr'><strong>hariolando</strong></span> <span class='ocrx_word' id='word_1_115' title='bbox 689 1141 816 1189; x_wconf 83' lang='lat' dir='ltr'><strong>possis</strong></span> <span class='ocrx_word' id='word_1_116' title='bbox 843 1141 914 1178; x_wconf 87' lang='lat' dir='ltr'><strong>hac</strong></span> <span class='ocrx_word' id='word_1_117' title='bbox 943 1153 991 1178; x_wconf 86' lang='lat' dir='ltr'><strong>ex</strong></span> <span class='ocrx_word' id='word_1_118' title='bbox 1023 1142 1177 1178; x_wconf 89' lang='lat' dir='ltr'><strong>incertis</strong></span> <span class='ocrx_word' id='word_1_119' title='bbox 1204 1144 1391 1191; x_wconf 83' lang='lat' dir='ltr'><strong>particula</strong></span> <span class='ocrx_word' id='word_1_120' title='bbox 1427 1151 1544 1182; x_wconf 63' lang='lat' dir='ltr'><strong>terrai</strong></span> 
     </span>
     <span class='ocr_line' id='line_1_15' title="bbox 65 1210 1539 1264; baseline 0.002 -14"><span class='ocrx_word' id='word_1_121' title='bbox 65 1215 272 1262; x_wconf 64' lang='lat' dir='ltr'><strong>frugiferai</strong></span> <span class='ocrx_word' id='word_1_122' title='bbox 301 1213 394 1262; x_wconf 87' lang='lat' dir='ltr'><strong>(inc.</strong></span> <span class='ocrx_word' id='word_1_123' title='bbox 428 1211 509 1248; x_wconf 89' lang='lat' dir='ltr'><strong>sed.</strong></span> <span class='ocrx_word' id='word_1_124' title='bbox 539 1210 667 1261; x_wconf 88' lang='lat' dir='ltr'>XXX)</span> <span class='ocrx_word' id='word_1_125' title='bbox 702 1212 735 1247; x_wconf 93' lang='lat' dir='ltr'><strong>in</strong></span> <span class='ocrx_word' id='word_1_126' title='bbox 761 1212 947 1260; x_wconf 79' lang='lat' dir='ltr'><strong>integrum</strong></span> <span class='ocrx_word' id='word_1_127' title='bbox 978 1211 1237 1248; x_wconf 84' lang='lat' dir='ltr'><strong>hexametrum</strong></span> <span class='ocrx_word' id='word_1_128' title='bbox 1263 1215 1469 1264; x_wconf 41' lang='lat' dir='ltr'><strong>supplere2</strong></span> <span class='ocrx_word' id='word_1_129' title='bbox 1503 1222 1539 1253; x_wconf 89' lang='lat' dir='ltr'><strong>et</strong></span> 
     </span>
     <span class='ocr_line' id='line_1_16' title="bbox 68 1284 1538 1336; baseline 0.001 -15"><span class='ocrx_word' id='word_1_130' title='bbox 68 1287 232 1333; x_wconf 59' lang='lat' dir='ltr'><strong>longique</strong></span> <span class='ocrx_word' id='word_1_131' title='bbox 261 1287 429 1331; x_wconf 72' lang='lat' dir='ltr'><strong>cupressi</strong></span> <span class='ocrx_word' id='word_1_132' title='bbox 458 1286 562 1320; x_wconf 72' lang='lat' dir='ltr'><strong>Stant</strong></span> <span class='ocrx_word' id='word_1_133' title='bbox 592 1287 699 1319; x_wconf 68' lang='lat' dir='ltr'><strong>rectis</strong></span> <span class='ocrx_word' id='word_1_134' title='bbox 727 1285 824 1330; x_wconf 79' lang='lat' dir='ltr'><strong>foliis</strong></span> <span class='ocrx_word' id='word_1_135' title='bbox 848 1290 881 1319; x_wconf 70' lang='lat' dir='ltr'><strong>el</strong></span> <span class='ocrx_word' id='word_1_136' title='bbox 905 1296 1033 1318; x_wconf 74' lang='lat' dir='ltr'><strong>amaro</strong></span> <span class='ocrx_word' id='word_1_137' title='bbox 1060 1295 1215 1330; x_wconf 68' lang='lat' dir='ltr'><strong>corpore</strong></span> <span class='ocrx_word' id='word_1_138' title='bbox 1241 1285 1376 1321; x_wconf 56' lang='lat' dir='ltr'><strong>humum</strong></span> <span class='ocrx_word' id='word_1_139' title='bbox 1408 1284 1538 1336; x_wconf 81' lang='lat' dir='ltr'>(XXI)</span> 
     </span>
     <span class='ocr_line' id='line_1_17' title="bbox 68 1351 1540 1404; baseline 0.001 -13"><span class='ocrx_word' id='word_1_140' title='bbox 68 1366 115 1391; x_wconf 85' lang='lat' dir='ltr'><strong>ne</strong></span> <span class='ocrx_word' id='word_1_141' title='bbox 157 1353 246 1391; x_wconf 87' lang='lat' dir='ltr'><strong>olim</strong></span> <span class='ocrx_word' id='word_1_142' title='bbox 288 1353 439 1403; x_wconf 88' lang='lat' dir='ltr'><strong>quidem</strong></span> <span class='ocrx_word' id='word_1_143' title='bbox 480 1353 630 1401; x_wconf 85' lang='lat' dir='ltr'><strong>longius</strong></span> <span class='ocrx_word' id='word_1_144' title='bbox 672 1354 842 1390; x_wconf 84' lang='lat' dir='ltr'><strong>seiuncta</strong></span> <span class='ocrx_word' id='word_1_145' title='bbox 884 1351 1002 1389; x_wconf 87' lang='lat' dir='ltr'><strong>fuisse</strong></span> <span class='ocrx_word' id='word_1_146' title='bbox 1043 1353 1230 1391; x_wconf 90' lang='lat' dir='ltr'><strong>uidentur.</strong></span> <span class='ocrx_word' id='word_1_147' title='bbox 1300 1354 1338 1391; x_wconf 96' lang='lat' dir='ltr'><strong>In</strong></span> <span class='ocrx_word' id='word_1_148' title='bbox 1381 1367 1540 1404; x_wconf 85' lang='lat' dir='ltr'><strong>quorum</strong></span> 
     </span>
     <span class='ocr_line' id='line_1_18' title="bbox 70 1423 1538 1473; baseline 0.002 -13"><span class='ocrx_word' id='word_1_149' title='bbox 70 1424 304 1461; x_wconf 80' lang='lat' dir='ltr'><strong>consortium</strong></span> <span class='ocrx_word' id='word_1_150' title='bbox 334 1424 476 1461; x_wconf 83' lang='lat' dir='ltr'><strong>addere</strong></span> <span class='ocrx_word' id='word_1_151' title='bbox 506 1436 554 1461; x_wconf 82' lang='lat' dir='ltr'><strong>ex</strong></span> <span class='ocrx_word' id='word_1_152' title='bbox 586 1425 742 1461; x_wconf 87' lang='lat' dir='ltr'><strong>incertis</strong></span> <span class='ocrx_word' id='word_1_153' title='bbox 770 1424 935 1461; x_wconf 85' lang='lat' dir='ltr'><strong>fortasse</strong></span> <span class='ocrx_word' id='word_1_154' title='bbox 968 1424 1080 1460; x_wconf 87' lang='lat' dir='ltr'><strong>etiam</strong></span> <span class='ocrx_word' id='word_1_155' title='bbox 1111 1423 1207 1461; x_wconf 83' lang='lat' dir='ltr'><strong>llaec</strong></span> <span class='ocrx_word' id='word_1_156' title='bbox 1237 1424 1348 1461; x_wconf 88' lang='lat' dir='ltr'><strong>licet:</strong></span> <span class='ocrx_word' id='word_1_157' title='bbox 1379 1430 1538 1473; x_wconf 72' lang='lat' dir='ltr'><strong>populea</strong></span> 
     </span>
     <span class='ocr_line' id='line_1_19' title="bbox 66 1493 1541 1544; baseline 0.001 -14"><span class='ocrx_word' id='word_1_158' title='bbox 66 1496 152 1541; x_wconf 77' lang='lat' dir='ltr'><strong>frus</strong></span> <span class='ocrx_word' id='word_1_159' title='bbox 191 1494 284 1543; x_wconf 82' lang='lat' dir='ltr'><strong>(inc.</strong></span> <span class='ocrx_word' id='word_1_160' title='bbox 316 1495 398 1532; x_wconf 86' lang='lat' dir='ltr'><strong>sed.</strong></span> <span class='ocrx_word' id='word_1_161' title='bbox 430 1493 610 1544; x_wconf 60' lang='lat' dir='ltr'>XCVIII)</span> <span class='ocrx_word' id='word_1_162' title='bbox 651 1500 688 1531; x_wconf 84' lang='lat' dir='ltr'><strong>et</strong></span> <span class='ocrx_word' id='word_1_163' title='bbox 729 1508 807 1531; x_wconf 64' lang='lat' dir='ltr'><strong>eum</strong></span> <span class='ocrx_word' id='word_1_164' title='bbox 846 1498 937 1531; x_wconf 65' lang='lat' dir='ltr'><strong>soles</strong></span> <span class='ocrx_word' id='word_1_165' title='bbox 976 1497 1117 1530; x_wconf 51' lang='lat' dir='ltr'><strong>lamium</strong></span> <span class='ocrx_word' id='word_1_166' title='bbox 1158 1498 1303 1542; x_wconf 64' lang='lat' dir='ltr'><strong>fficium</strong></span> <span class='ocrx_word' id='word_1_167' title='bbox 1343 1499 1541 1544; x_wconf 70' lang='lat' dir='ltr'><strong>lonyiscere</strong></span> 
     </span>
     <span class='ocr_line' id='line_1_20' title="bbox 68 1559 608 1615; baseline 0 -15"><span class='ocrx_word' id='word_1_168' title='bbox 68 1567 170 1612; x_wconf 62' lang='lat' dir='ltr'><strong>louge</strong></span> <span class='ocrx_word' id='word_1_169' title='bbox 202 1559 296 1614; x_wconf 86' lang='lat' dir='ltr'><strong>(inc.</strong></span> <span class='ocrx_word' id='word_1_170' title='bbox 332 1565 413 1602; x_wconf 92' lang='lat' dir='ltr'><strong>sed.</strong></span> <span class='ocrx_word' id='word_1_171' title='bbox 447 1564 608 1615; x_wconf 85' lang='lat' dir='ltr'>XXXI).</span> 
     </span>
    </p>

    <p class='ocr_par' dir='ltr' id='par_1_4' title="bbox 60 1633 1538 2457">
     <span class='ocr_line' id='line_1_21' title="bbox 180 1633 1537 1688; baseline 0.003 -17"><span class='ocrx_word' id='word_1_172' title='bbox 180 1634 354 1684; x_wconf 89' lang='lat' dir='ltr'><strong>Denique</strong></span> <span class='ocrx_word' id='word_1_173' title='bbox 394 1635 555 1672; x_wconf 80' lang='lat' dir='ltr'><strong>uei-bulo</strong></span> <span class='ocrx_word' id='word_1_174' title='bbox 594 1646 768 1671; x_wconf 85' lang='lat' dir='ltr'><strong>moneam</strong></span> <span class='ocrx_word' id='word_1_175' title='bbox 804 1633 927 1671; x_wconf 84' lang='lat' dir='ltr'><strong>adhuc</strong></span> <span class='ocrx_word' id='word_1_176' title='bbox 959 1634 1108 1671; x_wconf 85' lang='lat' dir='ltr'><strong>duobus</strong></span> <span class='ocrx_word' id='word_1_177' title='bbox 1146 1647 1193 1672; x_wconf 88' lang='lat' dir='ltr'><strong>ex</strong></span> <span class='ocrx_word' id='word_1_178' title='bbox 1226 1636 1382 1675; x_wconf 85' lang='lat' dir='ltr'><strong>incertis</strong></span> <span class='ocrx_word' id='word_1_179' title='bbox 1420 1650 1537 1688; x_wconf 85' lang='lat' dir='ltr'><strong>posse</strong></span> 
     </span>
     <span class='ocr_line' id='line_1_22' title="bbox 68 1704 1538 1746; baseline 0.003 -5"><span class='ocrx_word' id='word_1_180' title='bbox 68 1704 234 1742; x_wconf 87' lang='lat' dir='ltr'><strong>fortasse</strong></span> <span class='ocrx_word' id='word_1_181' title='bbox 278 1706 313 1742; x_wconf 93' lang='lat' dir='ltr'><strong>in</strong></span> <span class='ocrx_word' id='word_1_182' title='bbox 356 1704 429 1742; x_wconf 86' lang='lat' dir='ltr'><strong>hoc</strong></span> <span class='ocrx_word' id='word_1_183' title='bbox 470 1704 566 1742; x_wconf 79' lang='lat' dir='ltr'><strong>llbro</strong></span> <span class='ocrx_word' id='word_1_184' title='bbox 608 1705 732 1742; x_wconf 87' lang='lat' dir='ltr'><strong>locum</strong></span> <span class='ocrx_word' id='word_1_185' title='bbox 774 1704 959 1741; x_wconf 87' lang='lat' dir='ltr'><strong>concedi:</strong></span> <span class='ocrx_word' id='word_1_186' title='bbox 1008 1704 1093 1742; x_wconf 88' lang='lat' dir='ltr'><strong>dico</strong></span> <span class='ocrx_word' id='word_1_187' title='bbox 1142 1706 1187 1746; x_wconf 81' lang='lat' dir='ltr'><strong>fr,</strong></span> <span class='ocrx_word' id='word_1_188' title='bbox 1225 1705 1368 1744; x_wconf 81' lang='lat' dir='ltr'><strong>xxvn</strong></span> <span class='ocrx_word' id='word_1_189' title='bbox 1407 1712 1538 1746; x_wconf 66' lang='lat' dir='ltr'><strong>labitur</strong></span> 
     </span>
     <span class='ocr_line' id='line_1_23' title="bbox 68 1774 1536 1824; baseline 0.003 -13"><span class='ocrx_word' id='word_1_190' title='bbox 68 1782 174 1811; x_wconf 71' lang='lat' dir='ltr'><strong>imola</strong></span> <span class='ocrx_word' id='word_1_191' title='bbox 214 1779 343 1812; x_wconf 73' lang='lat' dir='ltr'><strong>carina</strong></span> <span class='ocrx_word' id='word_1_192' title='bbox 375 1789 449 1823; x_wconf 71' lang='lat' dir='ltr'><strong>per</strong></span> <span class='ocrx_word' id='word_1_193' title='bbox 487 1789 646 1824; x_wconf 64' lang='lat' dir='ltr'><strong>arquos-a</strong></span> <span class='ocrx_word' id='word_1_194' title='bbox 687 1789 781 1812; x_wconf 75' lang='lat' dir='ltr'><strong>cmm</strong></span> <span class='ocrx_word' id='word_1_195' title='bbox 820 1780 948 1812; x_wconf 65' lang='lat' dir='ltr'><strong>celocis</strong></span> <span class='ocrx_word' id='word_1_196' title='bbox 983 1780 1019 1811; x_wconf 81' lang='lat' dir='ltr'><strong>ct</strong></span> <span class='ocrx_word' id='word_1_197' title='bbox 1051 1775 1095 1811; x_wconf 84' lang='lat' dir='ltr'><strong>fr.</strong></span> <span class='ocrx_word' id='word_1_198' title='bbox 1129 1774 1257 1812; x_wconf 88' lang='lat' dir='ltr'>XXIX</span> <span class='ocrx_word' id='word_1_199' title='bbox 1292 1781 1536 1815; x_wconf 60' lang='lat' dir='ltr'><strong>Brundusium</strong></span> 
     </span>
     <span class='ocr_line' id='line_1_24' title="bbox 60 1844 1537 1895; baseline 0.001 -12"><span class='ocrx_word' id='word_1_200' title='bbox 60 1849 193 1894; x_wconf 77' lang='lat' dir='ltr'><strong>pulcro</strong></span> <span class='ocrx_word' id='word_1_201' title='bbox 215 1850 469 1894; x_wconf 70' lang='lat' dir='ltr'><strong>praecinctam</strong></span> <span class='ocrx_word' id='word_1_202' title='bbox 493 1853 672 1893; x_wconf 75' lang='lat' dir='ltr'><strong>praepete</strong></span> <span class='ocrx_word' id='word_1_203' title='bbox 689 1853 846 1893; x_wconf 68' lang='lat' dir='ltr'><strong>lun-lust.</strong></span> <span class='ocrx_word' id='word_1_204' title='bbox 908 1844 1071 1895; x_wconf 88' lang='lat' dir='ltr'><strong>Propter</strong></span> <span class='ocrx_word' id='word_1_205' title='bbox 1100 1845 1273 1883; x_wconf 87' lang='lat' dir='ltr'><strong>celocem</strong></span> <span class='ocrx_word' id='word_1_206' title='bbox 1305 1849 1402 1885; x_wconf 78' lang='lat' dir='ltr'><strong>enini</strong></span> <span class='ocrx_word' id='word_1_207' title='bbox 1436 1860 1537 1885; x_wconf 87' lang='lat' dir='ltr'><strong>com-</strong></span> 
     </span>
     <span class='ocr_line' id='line_1_25' title="bbox 67 1914 1536 1965; baseline 0.002 -13"><span class='ocrx_word' id='word_1_208' title='bbox 67 1922 311 1954; x_wconf 81' lang='lat' dir='ltr'><strong>memoratam</strong></span> <span class='ocrx_word' id='word_1_209' title='bbox 344 1917 411 1965; x_wconf 91' lang='lat' dir='ltr'><strong>(de</strong></span> <span class='ocrx_word' id='word_1_210' title='bbox 443 1917 580 1954; x_wconf 85' lang='lat' dir='ltr'><strong>eetoce</strong></span> <span class='ocrx_word' id='word_1_211' title='bbox 613 1915 700 1952; x_wconf 90' lang='lat' dir='ltr'><strong>uide</strong></span> <span class='ocrx_word' id='word_1_212' title='bbox 729 1916 841 1952; x_wconf 87' lang='lat' dir='ltr'><strong>etiam</strong></span> <span class='ocrx_word' id='word_1_213' title='bbox 867 1914 1030 1953; x_wconf 88' lang='lat' dir='ltr'><strong>Gellium</strong></span> <span class='ocrx_word' id='word_1_214' title='bbox 1059 1915 1093 1953; x_wconf 89' lang='lat' dir='ltr'><strong>X</strong></span> <span class='ocrx_word' id='word_1_215' title='bbox 1120 1916 1170 1953; x_wconf 74' lang='lat'><strong>25</strong></span> <span class='ocrx_word' id='word_1_216' title='bbox 1200 1922 1235 1953; x_wconf 85' lang='lat' dir='ltr'><strong>et</strong></span> <span class='ocrx_word' id='word_1_217' title='bbox 1269 1918 1421 1956; x_wconf 85' lang='lat' dir='ltr'><strong>Suidam</strong></span> <span class='ocrx_word' id='word_1_218' title='bbox 1452 1931 1481 1955; x_wconf 87' lang='lat' dir='ltr'><strong>s.</strong></span> <span class='ocrx_word' id='word_1_219' title='bbox 1501 1931 1536 1955; x_wconf 91' lang='lat' dir='ltr'><strong>u.</strong></span> 
     </span>
     <span class='ocr_line' id='line_1_26' title="bbox 67 1985 1536 2038; baseline 0.001 -15"><span class='ocrx_word' id='word_1_220' title='bbox 67 1985 200 2037; x_wconf 78' lang='grc' dir='ltr'><strong><em>κέλης)</em></strong></span> <span class='ocrx_word' id='word_1_221' title='bbox 232 1999 316 2024; x_wconf 88' lang='lat' dir='ltr'><strong>cum</strong></span> <span class='ocrx_word' id='word_1_222' title='bbox 346 1986 454 2025; x_wconf 87' lang='lat' dir='ltr'><strong>Ennii</strong></span> <span class='ocrx_word' id='word_1_223' title='bbox 484 1999 620 2034; x_wconf 66' lang='lat' dir='ltr'><strong>uersu7</strong></span> <span class='ocrx_word' id='word_1_224' title='bbox 653 1997 764 2036; x_wconf 84' lang='lat' dir='ltr'><strong>quain</strong></span> <span class='ocrx_word' id='word_1_225' title='bbox 797 1986 942 2022; x_wconf 78' lang='lat' dir='ltr'><strong>incerte</strong></span> <span class='ocrx_word' id='word_1_226' title='bbox 975 1986 1058 2035; x_wconf 88' lang='lat' dir='ltr'><strong>ipse</strong></span> <span class='ocrx_word' id='word_1_227' title='bbox 1092 1986 1229 2034; x_wconf 74' lang='lat' dir='ltr'><strong>uideo,</strong></span> <span class='ocrx_word' id='word_1_228' title='bbox 1277 1989 1475 2038; x_wconf 88' lang='lat' dir='ltr'><strong>composui</strong></span> <span class='ocrx_word' id='word_1_229' title='bbox 1517 2000 1536 2024; x_wconf 89' lang='lat' dir='ltr'><strong>a</strong></span> 
     </span>
     <span class='ocr_line' id='line_1_27' title="bbox 68 2054 1526 2108; baseline 0.002 -16"><span class='ocrx_word' id='word_1_230' title='bbox 68 2054 242 2094; x_wconf 88' lang='lat' dir='ltr'><strong>Charisio</strong></span> <span class='ocrx_word' id='word_1_231' title='bbox 270 2056 303 2094; x_wconf 93' lang='lat' dir='ltr'><strong>lI</strong></span> <span class='ocrx_word' id='word_1_232' title='bbox 331 2071 366 2108; x_wconf 85' lang='lat' dir='ltr'><strong>p.</strong></span> <span class='ocrx_word' id='word_1_233' title='bbox 393 2058 468 2096; x_wconf 71' lang='lat'><strong>183</strong></span> <span class='ocrx_word' id='word_1_234' title='bbox 491 2058 530 2095; x_wconf 92' lang='grc' dir='ltr'><strong>Ρ.</strong></span> <span class='ocrx_word' id='word_1_235' title='bbox 564 2070 583 2095; x_wconf 91' lang='lat' dir='ltr'><strong>e</strong></span> <span class='ocrx_word' id='word_1_236' title='bbox 610 2056 735 2094; x_wconf 91' lang='lat' dir='ltr'><strong>Coelii</strong></span> <span class='ocrx_word' id='word_1_237' title='bbox 763 2056 1002 2093; x_wconf 78' lang='lat' dir='ltr'><strong>historiarum</strong></span> <span class='ocrx_word' id='word_1_238' title='bbox 1037 2057 1157 2106; x_wconf 89' lang='lat' dir='ltr'><strong>primo</strong></span> <span class='ocrx_word' id='word_1_239' title='bbox 1186 2058 1359 2096; x_wconf 81' lang='lat' dir='ltr'><strong>traditam</strong></span> <span class='ocrx_word' id='word_1_240' title='bbox 1390 2069 1526 2095; x_wconf 56' lang='lat' dir='ltr'><strong>memov</strong></span> 
     </span>
     <span class='ocr_line' id='line_1_28' title="bbox 67 2126 1535 2177; baseline 0.001 -15"><span class='ocrx_word' id='word_1_241' title='bbox 67 2126 178 2164; x_wconf 80' lang='lat' dir='ltr'><strong>riam:</strong></span> <span class='ocrx_word' id='word_1_242' title='bbox 222 2130 458 2177; x_wconf 76' lang='lat' dir='ltr'><strong>Sempronius</strong></span> <span class='ocrx_word' id='word_1_243' title='bbox 486 2132 655 2177; x_wconf 70' lang='lat' dir='ltr'><strong>Lilybaeo</strong></span> <span class='ocrx_word' id='word_1_244' title='bbox 693 2131 843 2164; x_wconf 76' lang='lat' dir='ltr'><strong>celocem</strong></span> <span class='ocrx_word' id='word_1_245' title='bbox 876 2130 911 2163; x_wconf 79' lang='lat' dir='ltr'><strong>in</strong></span> <span class='ocrx_word' id='word_1_246' title='bbox 942 2130 1110 2176; x_wconf 66' lang='lat' dir='ltr'><strong>Africam</strong></span> <span class='ocrx_word' id='word_1_247' title='bbox 1142 2133 1241 2165; x_wconf 72' lang='lat' dir='ltr'><strong>mittit</strong></span> <span class='ocrx_word' id='word_1_248' title='bbox 1272 2134 1390 2166; x_wconf 74' lang='lat' dir='ltr'><strong>uisere</strong></span> <span class='ocrx_word' id='word_1_249' title='bbox 1421 2131 1535 2166; x_wconf 78' lang='lat' dir='ltr'><strong>locum</strong></span> 
     </span>
     <span class='ocr_line' id='line_1_29' title="bbox 69 2196 1536 2247; baseline 0.002 -15"><span class='ocrx_word' id='word_1_250' title='bbox 69 2199 128 2233; x_wconf 78' lang='lat' dir='ltr'><strong>ubi</strong></span> <span class='ocrx_word' id='word_1_251' title='bbox 156 2202 354 2235; x_wconf 67' lang='lat' dir='ltr'><strong>eoeercicwn</strong></span> <span class='ocrx_word' id='word_1_252' title='bbox 384 2207 556 2247; x_wconf 64' lang='lat' dir='ltr'><strong>exponas.</strong></span> <span class='ocrx_word' id='word_1_253' title='bbox 612 2198 671 2236; x_wconf 89' lang='lat' dir='ltr'><strong>De</strong></span> <span class='ocrx_word' id='word_1_254' title='bbox 704 2209 744 2234; x_wconf 90' lang='lat' dir='ltr'><strong>re</strong></span> <span class='ocrx_word' id='word_1_255' title='bbox 776 2196 824 2233; x_wconf 86' lang='lat' dir='ltr'><strong>cf.</strong></span> <span class='ocrx_word' id='word_1_256' title='bbox 858 2196 1055 2244; x_wconf 77' lang='lat' dir='ltr'><strong>Polybium</strong></span> <span class='ocrx_word' id='word_1_257' title='bbox 1081 2196 1183 2235; x_wconf 78' lang='lat'><strong>139.</strong></span> <span class='ocrx_word' id='word_1_258' title='bbox 1239 2199 1296 2236; x_wconf 92' lang='lat' dir='ltr'><strong>De</strong></span> <span class='ocrx_word' id='word_1_259' title='bbox 1324 2198 1536 2236; x_wconf 88' lang='lat' dir='ltr'><strong>Brundusio</strong></span> 
     </span>
     <span class='ocr_line' id='line_1_30' title="bbox 67 2266 1534 2318; baseline 0.001 -16"><span class='ocrx_word' id='word_1_260' title='bbox 67 2272 192 2303; x_wconf 86' lang='lat' dir='ltr'><strong>autem</strong></span> <span class='ocrx_word' id='word_1_261' title='bbox 227 2279 379 2305; x_wconf 87' lang='lat' dir='ltr'><strong>uersum</strong></span> <span class='ocrx_word' id='word_1_262' title='bbox 412 2280 485 2306; x_wconf 94' lang='lat' dir='ltr'><strong>non</strong></span> <span class='ocrx_word' id='word_1_263' title='bbox 525 2270 573 2306; x_wconf 86' lang='lat' dir='ltr'><strong>ita</strong></span> <span class='ocrx_word' id='word_1_264' title='bbox 613 2266 855 2317; x_wconf 84' lang='lat' dir='ltr'><strong>inprobabile</strong></span> <span class='ocrx_word' id='word_1_265' title='bbox 894 2273 951 2303; x_wconf 86' lang='lat' dir='ltr'><strong>est</strong></span> <span class='ocrx_word' id='word_1_266' title='bbox 985 2267 1033 2305; x_wconf 87' lang='lat' dir='ltr'><strong>ibi</strong></span> <span class='ocrx_word' id='word_1_267' title='bbox 1072 2275 1223 2318; x_wconf 69' lang='lat' dir='ltr'><strong>poetam</strong></span> <span class='ocrx_word' id='word_1_268' title='bbox 1255 2269 1441 2306; x_wconf 81' lang='lat' dir='ltr'><strong>extulisse</strong></span> <span class='ocrx_word' id='word_1_269' title='bbox 1473 2268 1534 2305; x_wconf 85' lang='lat' dir='ltr'><strong>ubi</strong></span> 
     </span>
     <span class='ocr_line' id='line_1_31' title="bbox 69 2337 1533 2390; baseline 0.001 -17"><span class='ocrx_word' id='word_1_270' title='bbox 69 2337 257 2375; x_wconf 85' lang='lat' dir='ltr'><strong>coloniam</strong></span> <span class='ocrx_word' id='word_1_271' title='bbox 283 2345 447 2376; x_wconf 87' lang='lat' dir='ltr'><strong>exeunte</strong></span> <span class='ocrx_word' id='word_1_272' title='bbox 470 2339 574 2376; x_wconf 89' lang='lat' dir='ltr'><strong>bello</strong></span> <span class='ocrx_word' id='word_1_273' title='bbox 598 2339 738 2376; x_wconf 85' lang='lat' dir='ltr'><strong>Punico</strong></span> <span class='ocrx_word' id='word_1_274' title='bbox 764 2338 884 2387; x_wconf 87' lang='lat' dir='ltr'><strong>primo</strong></span> <span class='ocrx_word' id='word_1_275' title='bbox 918 2339 989 2387; x_wconf 72' lang='lat' dir='ltr'><strong>(cf.</strong></span> <span class='ocrx_word' id='word_1_276' title='bbox 1014 2338 1105 2376; x_wconf 88' lang='lat' dir='ltr'><strong>Liuii</strong></span> <span class='ocrx_word' id='word_1_277' title='bbox 1132 2339 1222 2377; x_wconf 92' lang='lat' dir='ltr'><strong>XIX</strong></span> <span class='ocrx_word' id='word_1_278' title='bbox 1247 2340 1452 2390; x_wconf 83' lang='lat' dir='ltr'><strong>periocha)</strong></span> <span class='ocrx_word' id='word_1_279' title='bbox 1487 2350 1533 2375; x_wconf 89' lang='lat' dir='ltr'><strong>eo</strong></span> 
     </span>
     <span class='ocr_line' id='line_1_32' title="bbox 66 2406 1230 2457; baseline 0.005 -13"><span class='ocrx_word' id='word_1_280' title='bbox 66 2406 267 2446; x_wconf 86' lang='lat' dir='ltr'><strong>deductam</strong></span> <span class='ocrx_word' id='word_1_281' title='bbox 299 2414 487 2457; x_wconf 85' lang='lat' dir='ltr'><strong>tangeret.</strong></span> <span class='ocrx_word' id='word_1_282' title='bbox 1224 2408 1230 2412; x_wconf 74' lang='grc'><strong>”</strong></span> 
     </span>
    </p>

    <p class='ocr_par' dir='ltr' id='par_1_5' title="bbox 68 2477 1533 2812">
     <span class='ocr_line' id='line_1_33' title="bbox 181 2477 1531 2529; baseline 0 -13"><span class='ocrx_word' id='word_1_283' title='bbox 181 2477 412 2516; x_wconf 85' lang='lat' dir='ltr'><strong>Octauum</strong></span> <span class='ocrx_word' id='word_1_284' title='bbox 443 2477 657 2515; x_wconf 85' lang='lat' dir='ltr'><strong>annalem</strong></span> <span class='ocrx_word' id='word_1_285' title='bbox 688 2483 803 2528; x_wconf 71' lang='lat' dir='ltr'><strong>poeta</strong></span> <span class='ocrx_word' id='word_1_286' title='bbox 830 2480 863 2515; x_wconf 89' lang='lat' dir='ltr'><strong>iu</strong></span> <span class='ocrx_word' id='word_1_287' title='bbox 891 2480 1008 2517; x_wconf 85' lang='lat' dir='ltr'><strong>rebus</strong></span> <span class='ocrx_word' id='word_1_288' title='bbox 1036 2481 1320 2519; x_wconf 80' lang='lat' dir='ltr'><strong>Hannibalis</strong></span> <span class='ocrx_word' id='word_1_289' title='bbox 1349 2478 1531 2529; x_wconf 74' lang='lat' dir='ltr'><strong>inpendit,</strong></span> 
     </span>
     <span class='ocr_line' id='line_1_34' title="bbox 68 2547 1533 2601; baseline 0.002 -17"><span class='ocrx_word' id='word_1_290' title='bbox 68 2549 150 2585; x_wconf 88' lang='lat' dir='ltr'><strong>siue</strong></span> <span class='ocrx_word' id='word_1_291' title='bbox 185 2549 258 2586; x_wconf 88' lang='lat' dir='ltr'><strong>hoc</strong></span> <span class='ocrx_word' id='word_1_292' title='bbox 294 2549 435 2586; x_wconf 85' lang='lat' dir='ltr'><strong>bellum</strong></span> <span class='ocrx_word' id='word_1_293' title='bbox 476 2547 667 2585; x_wconf 85' lang='lat' dir='ltr'><strong>incohauit</strong></span> <span class='ocrx_word' id='word_1_294' title='bbox 706 2549 779 2586; x_wconf 88' lang='lat' dir='ltr'><strong>hoc</strong></span> <span class='ocrx_word' id='word_1_295' title='bbox 811 2549 931 2597; x_wconf 64' lang='lat' dir='ltr'><strong>libro,</strong></span> <span class='ocrx_word' id='word_1_296' title='bbox 975 2552 1056 2587; x_wconf 88' lang='lat' dir='ltr'><strong>siue</strong></span> <span class='ocrx_word' id='word_1_297' title='bbox 1094 2551 1186 2588; x_wconf 88' lang='lat' dir='ltr'><strong>belli</strong></span> <span class='ocrx_word' id='word_1_298' title='bbox 1219 2551 1326 2601; x_wconf 86' lang='lat' dir='ltr'><strong>quasi</strong></span> <span class='ocrx_word' id='word_1_299' title='bbox 1368 2550 1533 2600; x_wconf 87' lang='lat' dir='ltr'><strong>prohoe-</strong></span> 
     </span>
     <span class='ocr_line' id='line_1_35' title="bbox 69 2619 1533 2670; baseline 0.002 -15"><span class='ocrx_word' id='word_1_300' title='bbox 69 2620 178 2655; x_wconf 90' lang='lat' dir='ltr'><strong>mium</strong></span> <span class='ocrx_word' id='word_1_301' title='bbox 211 2620 245 2656; x_wconf 90' lang='lat' dir='ltr'><strong>in</strong></span> <span class='ocrx_word' id='word_1_302' title='bbox 271 2619 450 2670; x_wconf 87' lang='lat' dir='ltr'><strong>Hispania</strong></span> <span class='ocrx_word' id='word_1_303' title='bbox 481 2625 605 2655; x_wconf 85' lang='lat' dir='ltr'><strong>actum</strong></span> <span class='ocrx_word' id='word_1_304' title='bbox 637 2619 706 2655; x_wconf 88' lang='lat' dir='ltr'><strong>iam</strong></span> <span class='ocrx_word' id='word_1_305' title='bbox 738 2619 772 2654; x_wconf 91' lang='lat' dir='ltr'><strong>in</strong></span> <span class='ocrx_word' id='word_1_306' title='bbox 804 2619 966 2668; x_wconf 88' lang='lat' dir='ltr'><strong>septimo</strong></span> <span class='ocrx_word' id='word_1_307' title='bbox 999 2621 1189 2669; x_wconf 86' lang='lat' dir='ltr'><strong>exposuit.</strong></span> <span class='ocrx_word' id='word_1_308' title='bbox 1252 2619 1310 2657; x_wconf 91' lang='lat' dir='ltr'><strong>Cf.</strong></span> <span class='ocrx_word' id='word_1_309' title='bbox 1343 2632 1378 2670; x_wconf 84' lang='lat' dir='ltr'><strong>p.</strong></span> <span class='ocrx_word' id='word_1_310' title='bbox 1404 2620 1533 2659; x_wconf 82' lang='lat' dir='ltr'>LVIII.</span> 
     </span>
     <span class='ocr_line' id='line_1_36' title="bbox 69 2687 1532 2739; baseline 0.001 -14"><span class='ocrx_word' id='word_1_311' title='bbox 69 2687 197 2739; x_wconf 86' lang='lat' dir='ltr'><strong>Atque</strong></span> <span class='ocrx_word' id='word_1_312' title='bbox 228 2690 263 2726; x_wconf 91' lang='lat' dir='ltr'><strong>in</strong></span> <span class='ocrx_word' id='word_1_313' title='bbox 296 2689 421 2726; x_wconf 89' lang='lat' dir='ltr'><strong>limine</strong></span> <span class='ocrx_word' id='word_1_314' title='bbox 462 2688 570 2725; x_wconf 87' lang='lat' dir='ltr'><strong>huius</strong></span> <span class='ocrx_word' id='word_1_315' title='bbox 610 2688 695 2725; x_wconf 83' lang='lat' dir='ltr'><strong>libri</strong></span> <span class='ocrx_word' id='word_1_316' title='bbox 727 2701 862 2725; x_wconf 84' lang='lat' dir='ltr'><strong>uersus</strong></span> <span class='ocrx_word' id='word_1_317' title='bbox 896 2690 1006 2738; x_wconf 89' lang='lat' dir='ltr'><strong>posui</strong></span> <span class='ocrx_word' id='word_1_318' title='bbox 1046 2700 1115 2726; x_wconf 89' lang='lat' dir='ltr'><strong>eos</strong></span> <span class='ocrx_word' id='word_1_319' title='bbox 1153 2690 1290 2739; x_wconf 83' lang='lat' dir='ltr'><strong>quibus</strong></span> <span class='ocrx_word' id='word_1_320' title='bbox 1323 2695 1438 2739; x_wconf 75' lang='lat' dir='ltr'><strong>poeta</strong></span> <span class='ocrx_word' id='word_1_321' title='bbox 1469 2691 1532 2728; x_wconf 91' lang='lat' dir='ltr'><strong>de-</strong></span> 
     </span>
     <span class='ocr_line' id='line_1_37' title="bbox 69 2757 1531 2812; baseline 0.003 -18"><span class='ocrx_word' id='word_1_322' title='bbox 69 2757 268 2795; x_wconf 83' lang='lat' dir='ltr'><strong>testabiles</strong></span> <span class='ocrx_word' id='word_1_323' title='bbox 309 2757 401 2795; x_wconf 86' lang='lat' dir='ltr'><strong>belli</strong></span> <span class='ocrx_word' id='word_1_324' title='bbox 441 2759 676 2796; x_wconf 84' lang='lat' dir='ltr'><strong>calamitates</strong></span> <span class='ocrx_word' id='word_1_325' title='bbox 714 2770 787 2795; x_wconf 88' lang='lat' dir='ltr'><strong>nou</strong></span> <span class='ocrx_word' id='word_1_326' title='bbox 831 2759 912 2795; x_wconf 88' lang='lat' dir='ltr'><strong>sine</strong></span> <span class='ocrx_word' id='word_1_327' title='bbox 951 2760 1087 2806; x_wconf 84' lang='lat' dir='ltr'><strong>uigore</strong></span> <span class='ocrx_word' id='word_1_328' title='bbox 1126 2759 1298 2809; x_wconf 80' lang='lat' dir='ltr'><strong>depinxit</strong></span> <span class='ocrx_word' id='word_1_329' title='bbox 1340 2759 1531 2812; x_wconf 81' lang='lat'>(11.111):</span> 
     </span>
    </p>
   </div>
  </div>
 </body>
</html>
