1762 3057
226 214 292 244 L11
758 203 1171 248 QVAESTIONES

228 318 409 356 Romanis
441 320 613 354 extructa
646 313 835 361 cogitant:
880 324 951 361 qua
984 324 1025 349 re
1055 311 1223 360 Merula,
1264 313 1325 362 qui
1354 324 1373 350 a
1403 315 1589 365 septimo,
1623 325 1697 352 non

228 395 265 426 ut
296 387 480 425 Columna
520 397 539 421 a
572 390 705 430 sexto,
747 396 790 420 ea
833 383 935 419 bella
975 383 1146 433 incipere
1179 385 1327 432 statuit,
1369 391 1509 423 mutato
1538 396 1696 423 numero

226 459 261 495 in
293 470 376 495 eum
410 456 545 494 librum
566 453 757 491 transtulit·
778 453 1045 502 fragmentum,
1098 453 1182 500 Quo
1207 453 1294 503 quid
1320 453 1464 492 Ennius
1488 457 1696 504 exornarst,

228 529 347 578 potuit
390 538 472 564 cum
512 526 543 562 is
571 536 683 574 quem
718 524 800 573 ipse
835 529 990 561 secutus
1022 530 1080 561 est
1108 523 1319 573 Homerus,
1361 531 1435 562 tum
1467 525 1602 563 relicui
1634 525 1696 576 qui

225 597 347 634 simile
372 607 547 633 uersuum
569 599 827 631 ornamentum
847 593 1100 631 adhibuerunt
1119 600 1259 644 poetae
1279 596 1521 645 posteriores
1538 595 1697 633 docere.

224 666 356 715 Itaque
378 665 567 702 Homerus
590 665 653 708 ait„
678 663 728 701 ibi
750 663 811 700 ubi
834 664 868 699 in
893 664 1027 702 funere
1050 664 1218 702 Patrocli
1241 671 1416 703 uersatur
1440 663 1504 715 (ll.
1532 667 1576 703 Ψ
1598 664 1695 714 114)

224 736 264 773 οἵ
291 729 328 773 6⁷
360 735 451 774 ἴσαν
478 730 690 785 ὑλοτόμους
719 732 900 780 πελέκεας
931 732 972 771 ἐν
1001 733 1129 784 χερσὶν
1160 734 1306 786 ἔχοντες
1325 731 1468 787 Σειράς
1495 728 1529 773 τ’
1562 728 1696 772 εὐπλέ-

225 821 339 852 κτους
358 817 366 825 ·
398 803 473 857 πρὸ
498 800 534 842 δ’
566 799 630 855 ἄρ’
662 797 800 854 οὐρῆες
822 805 907 841 κίον
929 798 1077 842 αὐτῶν·
1128 800 1266 843 Πολλὰ
1289 799 1328 843 δ’
1353 802 1502 843 ἄναντα
1524 800 1697 842 κάταντα

223 871 404 927 πάραντά
441 890 479 913 τε
521 870 660 925 δόχμιά
699 868 731 911 τὟ
766 863 906 923 ἦλθον.
965 868 1069 912 Ἀλλ’
1113 869 1173 912 ὅτε
1214 870 1262 924 δὴ
1297 871 1470 925 κνημοὺς
1499 873 1698 925 προσέβαν

222 946 487 991 πολυπίδακος
514 942 640 995 Ἴδης,
683 937 824 983 Αὖτίκ’
863 939 938 993 ἄρα
972 944 1066 994 δρῦς
1096 940 1320 994 υψικόμους
1345 940 1532 995 ταναήκεϊ
1565 945 1696 996 χαλκῷ

226 1012 386 1065 Τάμνον
415 1010 674 1064 ἐπειγόμενοι·
707 1012 770 1051 ταὶ
802 1011 843 1051 δὲ
870 1009 1017 1064 μεγαλα
1040 1013 1276 1053 κτυπέουσαι
1302 1018 1459 1053 Πῐπτον
1480 1016 1558 1053 κτλ.
1610 1013 1695 1060 Quo

223 1085 383 1123 artificio
416 1084 475 1122 his
506 1096 596 1121 usus
630 1090 689 1121 est
718 1083 938 1132 Vergilius,
970 1089 1007 1121 et
1039 1084 1085 1121 de
1119 1086 1316 1136 sepultura
1348 1085 1484 1123 Miseni
1515 1084 1614 1123 Aen.
1644 1084 1696 1122 VI

226 1154 327 1202 179,
371 1166 484 1204 quem
520 1154 647 1191 locum
690 1166 773 1191 cum
812 1153 991 1191 Ennianis
1022 1156 1200 1192 uersibus
1231 1154 1450 1193 Macrobius
1476 1155 1555 1193 Sat.
1587 1154 1640 1192 VI
1671 1154 1694 1192 2

222 1235 258 1272 p.
292 1223 371 1260 513
403 1223 487 1264 Jan.
528 1225 767 1274 composuit,
811 1230 849 1261 et
883 1224 929 1262 de
967 1236 1063 1273 rogo
1106 1224 1286 1262 Pallantis
1331 1225 1449 1275 (Aen.
1482 1225 1536 1263 XI
1572 1225 1692 1275 134):

219 1306 289 1340 per
333 1297 448 1331 siluas
492 1297 626 1331 Teucri
664 1299 837 1343 mioelique
878 1299 1014 1342 inpune
1050 1298 1172 1332 Latini
1208 1297 1401 1332 Errauere
1438 1300 1540 1345 iugis.
1589 1298 1695 1344 ferro

220 1370 326 1401 sonat
355 1368 428 1401 alta
466 1368 611 1413 bipenni
637 1367 850 1402 Fraoeinus:
890 1370 1059 1401 euersum
1089 1371 1193 1401 aclas
1228 1368 1278 1402 ad
1300 1369 1423 1403 sidera
1446 1370 1581 1414 pinus,
1621 1368 1696 1404 Ro-

221 1436 310 1470 bora
334 1448 400 1472 nec
429 1440 551 1472 cuneis
582 1442 615 1472 et
639 1439 786 1473 olentem
818 1438 986 1472 scindere
1012 1438 1175 1474 cedrum.
1236 1438 1312 1472 Nee
1338 1439 1520 1484 plaustris
1551 1444 1696 1474 cessam

220 1511 371 1542 nectare
399 1508 617 1554 gementibus
654 1518 777 1543 ornos.
838 1504 974 1555 Neque
1004 1504 1050 1541 ab
1081 1516 1124 1542 ea
1159 1504 1278 1543 forma
1316 1507 1528 1557 principum
1558 1512 1691 1558 poeta-

220 1586 300 1610 rum
334 1586 402 1611 usu
440 1577 547 1625 quasi
583 1577 727 1614 sancita
759 1581 821 1613 aut
853 1575 968 1612 Silius
998 1573 1034 1611 X
1064 1573 1143 1611 529
1172 1575 1219 1612 de
1251 1575 1404 1614 Aemilii
1431 1577 1536 1615 Pauli
1567 1584 1693 1627 (spar-

218 1657 328 1693 soque
373 1651 601 1695 prsfflinquos
646 1650 796 1695 Aymine
832 1651 1076 1694 prosternunt
1116 1649 1235 1693 lucos,
1282 1655 1389 1685 sonat
1424 1655 1506 1685 acta
1550 1652 1696 1698 bipenni

220 1716 420 1752 Fromlosis
447 1720 540 1753 Silua
572 1720 645 1754 alla
675 1721 765 1765 ‘iugis
791 1728 824 1753 e.
847 1727 880 1765 q.
901 1716 955 1765 s.)
995 1721 1058 1753 aut
1086 1716 1226 1753 Statius
1254 1716 1449 1756 Thebaide
1478 1718 1530 1757 VI
1560 1719 1612 1758 90
1643 1720 1690 1758 de

219 1783 447 1822 Archemori
485 1786 620 1824 funere
651 1791 843 1831 (slernitur
880 1789 1060 1834 extemplo
1098 1794 1238 1824 ueteres
1272 1791 1418 1826 ineiclua
1453 1791 1559 1837 ferro
1589 1792 1690 1827 Silua

219 1867 341 1891 eomas
363 1867 397 1892 e.
420 1868 457 1906 q.
480 1858 532 1907 S.)
557 1857 727 1896 deflexit.
788 1855 919 1904 Itaque
950 1856 1028 1893 noli
1061 1855 1247 1905 dubitare,
1281 1858 1368 1907 quin
1385 1859 1502 1896 Ennii
1533 1870 1688 1909 quoque

221 1936 353 1960 uersus
388 1925 441 1962 illi
483 1926 527 1963 ad
562 1938 698 1975 rogum
734 1926 769 1962 in
810 1936 856 1961 eo
898 1926 1048 1975 proelio
1082 1938 1281 1964 caesorum
1314 1929 1550 1977 pertineant,
1590 1941 1687 1979 quos

218 1992 384 2039 Pyrrhus
407 1999 480 2032 tam
504 2007 595 2033 suos
619 2009 729 2046 quam
752 1995 945 2032 Romanos
965 1998 1202 2035 concremari
1222 1999 1342 2037 iussit.
1373 1997 1431 2038 Cf.
1451 1997 1588 2035 Florus
1612 1998 1636 2036 l.
1663 1999 1685 2036 l.

216 2066 446 2110 imm-amplas
474 2064 653 2103 cremauit
680 2073 717 2103 et
747 2065 953 2115 Eutropius
987 2066 1020 2104 ΙΙ
1052 2068 1075 2103 (j
1117 2080 1243 2105 caesos
1281 2073 1456 2117 sepelistis,
1517 2068 1685 2106 Niebuh—

216 2132 294 2168 rius
342 2132 438 2170 Hist.
488 2133 594 2172 Rom.
638 2135 688 2172 Ill
729 2136 823 2174 559.
908 2136 999 2173 Post
1052 2149 1135 2174 eam
1181 2149 1344 2187 pugnam
1393 2139 1560 2187 Pyrrhus
1608 2152 1684 2177 me-

216 2202 440 2240 morabilem
490 2215 600 2253 quam
637 2204 796 2242 Orosius
822 2205 916 2242 lvl
957 2208 1201 2244 conseruauit
1242 2210 1530 2259 inscriptionem
1571 2208 1683 2262 (XII)

218 2273 253 2308 in
306 2272 450 2322 templo
495 2272 596 2310 Iouis
640 2274 832 2312 Tarentini
874 2276 1016 2317 adfixit,
1096 2277 1194 2315 Dein
1246 2279 1392 2328 legati,
1443 2281 1540 2317 inter
1587 2292 1683 2330 quos

215 2340 434 2390 Fabricius,
473 2343 520 2380 de
549 2345 778 2383 redimendis
812 2347 972 2395 captiuis
1004 2346 1050 2384 ad
1080 2347 1264 2395 Pyrrhum
1295 2350 1505 2388 mittuntur:
1546 2350 1683 2389 redditi

214 2411 296 2447 sine
327 2412 451 2460 pretio
484 2413 615 2466 (XIII)
650 2416 848 2453 <redinunt
875 2417 909 2453 in
940 2418 1138 2467 patriam'‚
1173 2424 1211 2455 ut
1233 2420 1283 2456 ait
1309 2419 1450 2456 Ennius
1478 2420 1571 2469 (inc.
1598 2420 1680 2458 sed.

213 2478 379 2532 XVIID:
409 2494 634 2533 quamquam
663 2484 708 2521 (le
738 2486 819 2522 eius
846 2487 939 2524 sede
973 2487 1153 2524 uersiculi
1184 2488 1274 2525 nihil
1303 2489 1459 2526 adfirmo
1487 2490 1679 2528 conliden-

213 2549 296 2589 tius.
352 2550 550 2590 Liber-atos
578 2560 702 2591 autem
730 2556 811 2593 sine
844 2557 968 2606 pretio
1007 2558 1182 2607 captiuos
1204 2558 1328 2596 Liuius
1359 2570 1537 2609 quoque,
1573 2561 1679 2597 cuius

212 2621 377 2657 narratio
398 2634 418 2658 e
441 2623 625 2671 periocha
642 2623 745 2672 XIII,
773 2637 793 2662 e
811 2625 928 2663 Floro
947 2626 984 2676 (Ι
1008 2627 1054 2664 13
1073 2640 1108 2677 p.
1122 2627 1173 2665 24
1191 2628 1326 2678 Jahn.)
1350 2627 1536 2679 Eutropio
1556 2629 1611 2680 (ΙΙ
1631 2632 1675 2682 7)

213 2686 370 2727 Aurelio
391 2691 546 2729 Victore
572 2694 643 2744 (de'
663 2695 732 2732 uir.
755 2695 818 2735 inl.
837 2697 911 2747 35)
938 2696 1119 2746 hauritur,
1144 2704 1181 2735 et
1197 2698 1358 2735 Dionem
1379 2704 1535 2736 secutus
1554 2698 1675 2737 Zona-

210 2768 272 2794 ras
300 2758 390 2797 wll
415 2763 437 2798 4
470 2774 506 2811 p.
538 2763 612 2801 116
636 2765 695 2802 ed.
716 2764 834 2802 Bonn.
860 2766 1147 2814 perhibuerunt.
1209 2765 1350 2805 Contra
1371 2767 1593 2817 Dionysius,
1626 2771 1674 2807 si-
