1762 3057
214 194 361 223 LXVIII
748 181 1165 226 QVAES'I'loNEs

216 297 414 336 admodum
440 295 552 333 dubia
582 304 644 329 res
677 297 756 338 est7
799 302 957 339 quorum
986 289 1294 327 conlocationem
1326 289 1471 338 Hugius
1501 290 1549 326 ita
1583 300 1691 338 prae-

216 370 296 415 init⁷
331 373 368 404 ut
399 367 444 403 fr.
472 363 559 401 XIV
584 360 923 408 Carthaginienses
950 359 1255 407 significarentur
1280 372 1325 397 ne
1351 360 1564 398 libertatem
1590 360 1693 397 amit-

216 444 339 476 terent
367 440 585 486 precantes,
617 431 739 468 altero
767 428 837 466 XV
864 430 968 479 pacis
1002 430 1157 473 initium,
1186 444 1257 481 qua
1279 431 1323 468 ad
1353 430 1555 481 poliendos
1578 440 1694 478 agros

215 507 370 557 regredi
410 506 568 550 liceret,
610 501 893 549 designaretur.
956 500 1014 537 De
1050 501 1206 538 relicuis
1243 512 1401 551 prorsus
1443 500 1533 537 nihil
1566 498 1692 536 habeo

217 577 317 628 quod
355 574 511 613 eruditis
553 582 787 622 proponam:
832 570 902 606 nisi
943 570 1030 607 mihi
1072 572 1222 621 quidem
1261 571 1346 609 uela
1388 571 1507 607 uentis
1552 569 1692 616 inflata,

216 648 315 698 quod
338 646 484 694 Ilugius
514 642 647 690 uoluit⁷
676 640 874 679 admodum
909 639 1069 677 ridicule
1096 642 1217 679 uideri
1246 655 1327 680 cum
1348 640 1534 691 Cyclopis
1560 645 1693 677 uentre

215 718 384 755 liumanis
415 713 592 753 carnibus
621 712 787 750 distento
820 710 953 760 (XVI)
986 710 1167 748 conferri.

800 835 829 873 C
854 836 884 873 Α
912 836 938 874 Ρ
960 835 991 873 V
1016 835 1044 873 T
1094 836 1128 873 V

327 925 488 964 Punicas
522 934 585 959 res
616 921 662 958 ad
703 921 812 957 linem
850 926 1078 970 persecutus
1113 923 1229 969 poeta
1262 930 1363 955 nouo
1394 917 1618 967 prohoemio
1649 916 1695 954 ad

216 996 398 1033 bellum
435 991 814 1031 Macedonicum
858 990 998 1039 pergit.
1063 987 1177 1026 Cuius
1222 988 1314 1025 belli
1356 988 1456 1025 initia
1501 987 1592 1024 licet
1623 987 1694 1023 iam

216 1067 249 1102 in
290 1062 528 1103 Hannibalici
574 1060 755 1097 tumultus
800 1065 974 1108 tempora
1016 1057 1203 1105 incidant,
1252 1064 1342 1107 puto
1383 1063 1506 1094 tamen
1538 1055 1696 1093 Ennium

216 1136 402 1173 decimo
435 1132 565 1170 libro
598 1130 644 1167 ab
677 1130 769 1179 ipsis
792 1129 989 1178 priucipiis
1018 1127 1181 1177 Philippi
1214 1140 1277 1164 res
1309 1127 1552 1177 repetiuisse.
1615 1126 1697 1163 Hoc

217 1205 315 1241 enim
343 1215 425 1241 cum
459 1200 655 1239 exordium
688 1198 775 1235 mihi
811 1197 1055 1235 subindicare
1086 1198 1261 1235 uideatur
1291 1201 1408 1233 insece
1443 1200 1554 1235 Musa
1587 1211 1696 1234 mauu

223 1277 470 1311 Romanorum
512 1274 753 1318 imlzlpm'alor
790 1271 893 1314 Quod
939 1272 1089 1317 «setisque
1131 1272 1166 1305 in
1215 1270 1302 1304 bellu
1342 1271 1451 1315 (jessit
1491 1280 1573 1305 enm
1612 1280 1697 1316 req?

216 1347 386 1391 Philippo
429 1342 509 1393 (l)7
550 1348 624 1378 lttlll
663 1340 698 1377 id
738 1339 840 1389 quod
876 1338 1002 1387 potior
1045 1337 1227 1375 librorum
1273 1338 1483 1375 auctoritas
1531 1338 1695 1385 decimo,

217 1412 362 1462 aliquot
397 1412 480 1449 libri
519 1411 718 1448 undecimo
751 1409 874 1446 annali
912 1408 1105 1445 ascribunt
1131 1407 1175 1444 fr.
1207 1406 1241 1444 II
1272 1410 1469 1445 Lvucalam
1505 1417 1697 1458 eampsanl

218 1482 491 1532 percommode
534 1483 578 1520 ad
617 1483 739 1532 ipsum
770 1478 1011 1517 Macedonici
1055 1477 1147 1514 belli
1189 1478 1296 1526 quasi
1338 1477 1451 1514 limen
1484 1478 1692 1527 relegatur.

217 1552 343 1589 Liuius
384 1553 481 1589 enim
519 1564 601 1589 cum
634 1552 669 1588 in
701 1562 748 1587 eo
783 1555 866 1597 est7
910 1555 947 1585 ut
979 1548 1205 1585 Aetolorum
1246 1561 1265 1585 a
1298 1548 1473 1599 Philippo
1505 1549 1695 1587 defectio-

218 1634 302 1659 nem
339 1622 393 1671 (a.
427 1634 462 1658 u.
497 1634 529 1659 c.
565 1620 666 1671 542)
715 1619 938 1670 perhibeat7
978 1618 1076 1655 haec
1113 1618 1250 1668 quibus
1294 1619 1463 1668 inprimis
1494 1619 1694 1657 frustulum

220 1693 311 1730 illud
344 1692 538 1729 inlustrari
562 1691 711 1729 uidetur
744 1690 911 1728 narrauit
945 1687 1093 1738 (XXVI
1126 1688 1220 1739 215):
1253 1692 1442 1727 Laeuinus
1470 1694 1566 1727 ueris
1591 1695 1697 1738 pritz-

218 1766 309 1810 eipio
345 1776 366 1798 (ι
411 1764 575 1811 Corcyra
615 1764 805 1810 profeelus
844 1761 996 1796 mzm'lucs
1035 1767 1209 1807 superam
1247 1762 1407 1797 Leucata
1441 1764 1697 1807 montismuri«)

218 1846 298 1869 eum
332 1836 489 1869 uenisse!
522 1835 774 1879 Naupactum,
809 1832 1021 1876 Anticyram
1058 1833 1140 1866 inde
1178 1842 1216 1866 se
1245 1834 1442 1878 polituram
1483 1832 1618 1875 edixit,
1662 1838 1699 1867 al

216 1910 363 1949 praeslo
387 1905 436 1938 ibi
459 1904 599 1949 Scopas
629 1905 812 1949 Aetolique
840 1905 969 1935 essent.

334 1969 499 2008 Ceterae
539 1970 724 2020 reliquiae
757 1970 803 2007 de
836 1969 972 2019 quibus
1006 1970 1188 2006 conicere
1224 1969 1366 2018 aliquid
1404 1969 1509 2007 licuit
1541 1970 1692 2020 plerae-

221 2052 294 2088 que
332 2051 463 2075 onmes
500 2039 543 2076 ad
575 2040 616 2077 T.
662 2039 885 2087 Quinctii
916 2038 1179 2076 Flaminini
1218 2038 1351 2076 laudes
1400 2045 1461 2076 aut
1503 2041 1694 2089 pertinent

220 2114 282 2146 aut
313 2114 474 2158 possunt
514 2122 561 2146 eo
601 2111 800 2148 commode
835 2108 987 2146 referri.
1048 2108 1141 2145 Nam
1183 2114 1220 2146 et
1261 2121 1343 2145 eum
1378 2103 1693 2159 quem‘egregie

221 2179 417 2216 cordatum
447 2179 658 2217 bominem'
687 2180 777 2217 dicit
810 2184 925 2229 poeta
960 2179 1053 2230 (ΙΙΙ)
1095 2179 1143 2216 ibi
1178 2178 1378 2228 probabile
1411 2185 1469 2216 est
1504 2179 1691 2217 laudatum

220 2248 353 2295 fuisse,
384 2248 447 2286 ubi
478 2249 559 2286 eius
591 2250 793 2298 conlegam
819 2250 854 2286 in
878 2249 1077 2287 consulatu
1105 2249 1224 2286 fuisse
1248 2248 1492 2286 Flamininum
1523 2249 1579 2298 (a.
1599 2261 1633 2286 u.
1658 2261 1690 2286 c.

220 2318 322 2368 554)
364 2318 554 2356 narrabat.
617 2316 675 2355 Cf.
724 2318 851 2355 Liuius
898 2318 1042 2356 XXXII
1084 2320 1120 2356 7.
1182 2318 1319 2368 Neque
1365 2319 1399 2355 in
1441 2319 1542 2357 Aelii
1578 2319 1692 2356 rebus

220 2392 295 2423 tum
322 2387 459 2425 diutius
493 2395 749 2425 commoratus
780 2388 949 2437 uidetur7
982 2390 1063 2437 cui,
1101 2401 1182 2426 cum
1215 2389 1432 2438 prouincias
1465 2390 1691 2427 sortirentur

220 2457 425 2505 consules,
464 2457 571 2496 Italia
603 2460 796 2496 euenerit:
840 2465 877 2495 at
908 2459 1124 2506 Quinctium
1160 2459 1194 2495 iu
1225 2458 1486 2496 Macedoniam
1516 2460 1690 2509 proticis-

221 2531 370 2562 centem
409 2527 486 2563 suis
526 2527 701 2564 laudibus
734 2529 993 2578 prosequitur.
1055 2527 1114 2565 Cf.
1147 2527 1274 2565 Liuius
1305 2526 1449 2564 XXXII
1482 2527 1504 2565 S
1537 2540 1595 2577 sq.
1655 2527 1692 2565 Is

222 2595 336 2642 igitur
365 2595 543 2633 dilectum
583 2596 721 2645 hahet,
764 2610 839 2648 quo
881 2610 949 2636 eos
989 2599 1073 2636 fere
1112 2597 1206 2646 legit
1239 2591 1321 2646 ‘qui
1360 2598 1394 2633 in
1418 2597 1597 2646 Hispania
1629 2602 1691 2634 aut

221 2662 352 2700 Africa
382 2672 600 2703 meruerant
629 2673 829 2716 spectatae
862 2669 1009 2706 uirtutis
1031 2661 1204 2715 milites'⁷
1237 2661 1396 2703 ‘bellum
1424 2667 1593 2704 tolerare
1622 2678 1688 2717 po·

220 2726 362 2769 tentes'
405 2746 501 2783 quos
545 2735 687 2773 Enuius
719 2742 831 2773 uocat
872 2737 982 2786 (IV).
1045 2738 1217 2783 Quocum
1251 2743 1321 2773 tam
1352 2738 1386 2773 iu
1417 2748 1461 2773 ea
1492 2749 1532 2773 re
1563 2736 1688 2774 Liuius
