1762 3057
169 156 251 198 168
745 160 1065 196 EPICHARMl

859 271 912 315 III
934 270 954 293 *

304 351 467 410 'Aqua,
506 354 643 404 terra,
683 349 847 405 anima„
887 351 956 395 sol

857 440 920 485 IV
940 439 960 462 *

307 517 452 561 Terris
483 517 654 576 genteis
683 516 822 562 omnis
848 518 1015 576 peperit
1043 517 1084 562 et
1112 519 1291 563 resumit
1323 520 1488 565 denuo:

245 592 269 629 5
303 585 453 629 'Istaec
487 586 558 629 dat
584 585 742 629 cib-(iria
767 588 897 646 atque
923 586 1041 646 quod
1070 587 1184 646 gerit
1208 588 1386 646 fruges,
1429 588 1576 634 Ceres,

636 742 753 786 terra
778 757 939 802 corpus
966 743 1054 799 θεῖ,
1093 747 1136 788 at
1161 745 1317 789 mentis
1346 745 1461 805 ignis
1490 749 1568 791 θεῖ.

877 834 940 879 VI

303 913 415 958 'Istic
442 916 508 958 θεῖ
537 915 590 958 (1θ
616 915 711 960 sele
740 916 963 972 sumptus:
1013 912 1137 972 Isque
1165 914 1283 957 totus
1311 912 1466 957 me'ntis
1498 916 1577 958 est.

851 1003 933 1047 VII
946 1001 967 1025 *

307 1079 418 1123 'Istic
450 1082 516 1124 θεῖ
546 1080 583 1124 is
613 1081 806 1139 Iuppiter
834 1095 962 1141 quem
991 1080 1109 1134 dico,
1149 1095 1277 1139 quem
1304 1079 1460 1124 Graeci
1488 1085 1648 1127 uocant

304 1146 500 1192 'Aeremz
540 1149 611 1208 qui
638 1151 797 1194 uentus
826 1152 891 1194 est
920 1152 961 1193 θῖ
989 1149 1150 1192 nubes:
1191 1149 1326 1192 imber
1357 1149 1512 1206 postea

216 1221 265 1259 10
302 1214 461 1276 'Atque
494 1231 550 1260 ex
579 1217 713 1261 imbre
742 1220 907 1277 frigus:
945 1220 1104 1261 uentus
1136 1217 1236 1275 post
1271 1216 1340 1271 fit,
1380 1219 1456 1261 ae'r
1489 1218 1646 1264 denuo.

169 1358 288 1379 manae
315 1349 483 1388 quandam
509 1355 642 1391 gentem
671 1352 787 1393 stirpis
808 1351 985 1391 concoquit
1008 1350 1164 1392 Frigus
1193 1350 1335 1381 calore
1357 1355 1483 1390 atque
1509 1361 1649 1384 umore

169 1394 431 1426 aritudinem
461 1395 635 1427 Miscet!
684 1398 886 1439 Epicharmo
907 1397 1005 1428 Ennii
1034 1397 1192 1438 ascripsit
1212 1396 1375 1428 Columna
1468 1398 1514 1428 III
1540 1398 1648 1430 Varro

171 1440 212 1471 de
240 1451 276 1471 re
305 1442 429 1472 rustica
455 1442 509 1472 14
531 1443 640 1473 ‘eius’
668 1444 760 1485 (agri
787 1444 951 1474 culturam
972 1441 1070 1483 dicit)
1104 1443 1292 1484 ‘principia
1316 1448 1392 1473 sunt
1419 1443 1536 1474 eadem
1564 1455 1650 1484 quae

170 1486 287 1517 muudi
319 1497 393 1518 esse
426 1488 552 1518 Ennius
584 1490 719 1527 scribit,
759 1500 864 1530 aqua
895 1495 1005 1520 terra
1034 1489 1174 1520 anima
1207 1489 1302 1520 sol.’
1352 1490 1421 1520 Huc
1452 1489 1555 1521 refert
1587 1490 1650 1522 Co—

172 1532 285 1563 lumna
381 1534 426 1564 IV
452 1534 559 1565 Varro
581 1535 621 1566 de
641 1535 678 1566 L.
702 1535 739 1566 L.
763 1537 791 1567 V
812 1536 853 1568 64
876 1535 920 1566 Μ.
947 1538 1054 1566 ‘terra
1074 1534 1160 1576 Ops,
1189 1535 1278 1574 quod
1297 1534 1375 1566 hino
1395 1545 1492 1567 omne
1512 1545 1598 1578 opus
1619 1542 1650 1568 et

171 1578 234 1609 hac
253 1588 338 1620 opus
357 1580 401 1610 ad
422 1580 630 1619 uiuendum3
658 1586 689 1612 et
710 1582 786 1613 ideo
811 1582 934 1613 dicitur
954 1580 1022 1623 Ops
1040 1587 1163 1619 mater,
1189 1581 1278 1621 quod
1297 1586 1384 1613 terra
1403 1587 1519 1613 mater.
1560 1583 1650 1614 Haec

170 1625 256 1655 enim
289 1626 418 1656 terris
553 1626 711 1665 denuo3
745 1638 849 1668 quae
886 1628 954 1658 dat
989 1627 1176 1665 cibaria,
1215 1633 1250 1657 ut
1284 1627 1328 1658 ait
1361 1628 1508 1666 Ennius,
1545 1639 1650 1668 quae

170 1670 279 1710 quod
310 1671 421 1712 gerit
452 1671 618 1713 fruges,
650 1673 800 1705 Ceres)
850 1673 933 1704 Huic
971 1674 1111 1704 carmini
1143 1673 1301 1715 ascripsit
1329 1672 1481 1715 Scaliger
1511 1679 1547 1705 ut
1573 1675 1647 1707 VII.

170 1718 278 1752 Quae
311 1739 319 1746 .
338 1739 373 1748 ..
409 1716 532 1749 Ceres
564 1719 667 1760 uulgo
695 1729 755 1761 pro
783 1720 1004 1752 Varronianis
1029 1719 1256 1761 accipiuntur3
1291 1720 1380 1759 quod
1405 1725 1521 1752 contra
1543 1720 1650 1763 Berg-

168 1762 244 1793 kius
279 1762 319 1793 dc
352 1773 456 1794 carm.
484 1763 554 1794 Sal.
582 1765 642 1796 rel.
668 1776 701 1807 p.
730 1766 810 1797 VIII
841 1765 924 1797 haec
953 1766 1091 1806 quidem
1115 1766 1232 1803 Ennii,
1266 1767 1326 1797 sed
1352 1766 1410 1796 illa
1444 1776 1550 1806 quae
1581 1768 1650 1799 dat

169 1808 332 1839 cibaria
371 1809 534 1841 Varronis
569 1811 675 1842 uerba
715 1821 789 1842 esse
825 1817 937 1843 censet
1044 1812 1073 1842 V
1111 1812 1303 1842 Priscianus
1340 1812 1402 1842 VII
1443 1822 1478 1854 p.
1512 1812 1578 1845 764
1611 1814 1646 1844 P.

168 1855 200 1895 (I
228 1864 261 1895 p.
288 1853 354 1886 335
386 1853 445 1895 Κ.)
479 1855 553 1887 ‘hic
582 1862 612 1888 et
646 1857 729 1888 haec
755 1858 897 1888 amentis
930 1863 960 1889 et
988 1857 1052 1889 hoo
1077 1863 1226 1895 amente;
1277 1867 1338 1889 nec
1374 1858 1514 1896 mirum,
1554 1859 1649 1890 cuius

170 1900 318 1941 simplex
339 1910 471 1940 quoque
492 1903 646 1933 mentis
666 1903 793 1933 Ennius
814 1903 952 1944 protulit
971 1904 1004 1934 in
1026 1903 1248 1945 Epicharmo:
1278 1905 1381 1935 terra’
1404 1915 1433 1936 e.
1456 1915 1486 1945 q.
1509 1915 1536 1936 s.
1567 1907 1649 1947 ‘pro

168 1960 305 1990 mens.'
332 1944 481 2001 (eiiius
499 1961 582 2003 Reg.
682 1962 930 2003 ephicarmo
954 1963 1037 2005 Reg.
1067 1962 1396 2004 inephicharmo
1415 1963 1604 2005 Halbcrst.)

214 2006 259 2036 VI
288 2006 394 2037 Varro
416 2006 456 2037 dc
478 2006 515 2037 L.
535 2007 573 2038 L.
594 2007 624 2037 V
643 2006 686 2040 59
707 2008 750 2038 M.
786 2011 793 2023 ⁶
807 2009 863 2048 qui
884 2008 998 2039 caldor
1019 2019 1035 2039 e
1055 2009 1147 2040 caelo
1162 2034 1170 2046 ‚
1200 2009 1290 2048 quod
1309 2009 1363 2040 hio
1387 2009 1649 2042 innumerabiles

170 2060 208 2081 ac
225 2051 433 2083 immortales
452 2053 566 2093 ignes;
593 2053 707 2093 itaque
726 2054 949 2095 Epicharmus
970 2055 1011 2085 de
1030 2060 1139 2086 mente
1158 2054 1306 2085 humana
1326 2055 1423 2085 dicit:
1458 2056 1560 2086 istic
1586 2063 1649 2088 est

169 2097 216 2127 de
244 2096 350 2127 sole‘
381 2109 409 2129 e.
439 2108 470 2137 q.
496 2108 522 2128 s.
559 2098 693 2141 (dicit
724 2100 844 2130 istic:
873 2106 933 2131 est
962 2100 994 2131 d.
1025 2111 1052 2131 ε,
1082 2100 1306 2142 Spengelius,
1342 2100 1378 2131 Ο.
1404 2101 1603 2137 Muellerus)

215 2143 277 2173 VII
306 2143 412 2174 Varro
434 2143 474 2175 de
495 2144 532 2175 L.
552 2144 590 2175 L.
614 2146 644 2176 V
665 2145 708 2177 65
727 2145 771 2177 M.
800 2146 913 2177 ‘idem
939 2146 974 2178 hi
1005 2146 1059 2178 dci
1081 2146 1218 2178 Caelum
1247 2152 1277 2178 et
1296 2147 1417 2186 Terra,
1446 2148 1598 2190 Iuppiter
1618 2154 1649 2180 et

224 2280 247 2314 3
277 2278 401 2312 anima
422 2280 477 2313 sol
498 2280 577 2314 cod.
599 2279 781 2315 Poliliam‘.
807 2281 929 2315 anima
950 2285 984 2314 ei
1006 2282 1060 2315 sol
1082 2282 1189 2328 uulyo
1303 2286 1326 2320 4
1355 2283 1500 2328 genteis
1520 2283 1648 2318 Haun.

169 2334 291 2378 gentis
320 2336 432 2369 celeri
460 2345 541 2370 cum
571 2336 674 2370 Flor.
793 2341 813 2372 5
846 2337 986 2371 isthaec
1015 2336 1191 2383 Scaliyer.
1222 2349 1315 2383 quae
1345 2339 1428 2374 libri
1540 2344 1647 2385 atque

171 2389 295 2433 quod]
330 2401 424 2436 quae
457 2391 554 2436 quod
593 2392 693 2435 libri,
731 2394 802 2426 nisi
834 2393 931 2438 quod
966 2404 1135 2438 quaeque
1164 2394 1387 2440 Aztyzcsliiizts
1416 2406 1485 2441 7119.
1521 2405 1570 2430 θῦε
1605 2396 1648 2430 li-

168 2444 241 2479 bris
356 2445 497 2482 isthaec
536 2448 706 2482 omnibus
747 2449 872 2492 frug-cs
905 2450 999 2493 gerit
1030 2448 1195 2495 Scaliyer
1309 2451 1328 2486 7
1368 2451 1448 2485 istic
1479 2462 1512 2484 c.
1547 2450 1582 2484 d.
1616 2465 1648 2486 ε.

171 2506 358 2546 sumptus,
396 2502 501 2548 isque
536 2508 630 2537 totus
656 2514 704 2541 m.
734 2515 766 2538 e.
795 2504 981 2550 Bei·9k·e'zcs
1000 2504 1168 2539 Prooem.
1194 2505 1346 2551 Empecl.
1362 2518 1405 2551 p.
1428 2509 1484 2543 31.
1510 2507 1592 2541 istie
1613 2519 1645 2542 e.

170 2555 207 2589 d.
230 2568 260 2590 s.
284 2562 450 2602 sumptus
476 2559 572 2603 ignis
602 2560 639 2594 id
663 2564 717 2594 est
740 2561 793 2593 sol
819 2565 873 2593 cst
895 2561 1001 2605 isque
1032 2565 1126 2595 totus
1147 2572 1195 2595 m.
1219 2572 1251 2594 θ.
1276 2562 1368 2596 libri.
1392 2562 1471 2595 istic
1497 2573 1530 2595 ο.
1555 2562 1592 2596 (1.
1615 2575 1647 2598 s.

169 2616 336 2657 sumplus
361 2613 457 2657 ignis
482 2616 587 2659 isque
611 2617 741 2649 meniis
763 2620 819 2649 cst
842 2615 1006 2661 Scaliyer
1118 2620 1140 2654 8
1162 2617 1297 2662 Iupiter
1321 2617 1422 2652 Flor.
1540 2617 1644 2654 Greci

168 2667 269 2701 Flor.
383 2671 404 2705 9
426 2680 551 2704 aerem
574 2671 674 2705 Flor.
696 2671 796 2706 Gollz.
819 2671 910 2706 Par.
929 2672 948 2706 b
971 2676 1008 2706 ut
1027 2672 1100 2706 uid.
1125 2683 1225 2706 arem
1247 2672 1339 2706 Par.
1362 2683 1390 2712 e,
1414 2684 1482 2707 om.
1505 2673 1647 2720 Halm„

167 2722 299 2757 lacuna
320 2724 357 2757 in
379 2724 469 2761 Par.
490 2737 526 2759 α.
553 2716 648 2773 ἀέρα
678 2726 895 2762 Verlranizcs
1011 2732 1055 2764 10
1087 2732 1218 2762 uentus
1240 2729 1359 2774 uulglo.
1388 2730 1507 2763 uentis
1528 2729 1611 2764 libri
