1762 3057
610 190 613 192 ’
693 192 1011 238 RELIQVIAE
1512 185 1590 227 181

783 301 926 348 XLVI

249 382 414 427 Plinius
446 384 540 427 Nat.
578 382 687 426 Hist.
720 380 844 425 XVII
879 387 916 435 8,
950 386 1001 426 84
1041 382 1105 425 ‘et
1138 380 1304 424 Ennius
1333 377 1590 438 antiquissi-

112 467 209 496 mus
235 454 359 495 uates
386 451 626 496 obsidionis
650 452 807 494 famem
837 449 1086 508 exprimens
1119 449 1285 493 offam
1311 446 1591 507 eripuisse

115 519 470 579 plorantibus
500 519 698 564 liberis
732 520 922 577 patres
951 517 1286 562 commemorat?

771 608 932 653 XLVII

251 686 402 733 Cicero
433 687 485 730 de
519 701 563 730 re
594 702 634 744 p.
664 686 679 730 I
711 692 749 740 2,
780 693 802 731 3
848 686 1000 730 ‘urbes
1034 700 1218 744 magnas
1258 687 1387 745 atque
1422 684 1475 727 in
1488 699 1514 742 p
1529 698 1589 727 e-

111 757 316 810 riosas,
350 757 396 799 ut
423 755 614 813 adpellat
645 754 830 810 Ennius,
864 754 1019 798 uiculis
1045 756 1086 797 et
1114 753 1304 797 castellis
1331 753 1589 811 praeferen-

112 825 190 869 das
215 824 348 883 puto.'
389 824 551 867 urbes
580 838 804 882 magnas
832 826 997 882 atque
1023 822 1344 880 inperiosas
1371 824 1589 881 tamquam

112 892 351 938 hexametri
376 907 536 937 uersus
568 892 818 950 particulam
847 891 987 936 Ennio
1017 890 1206 936 Orellius
1240 890 1385 935 tribuit

758 982 939 1026 XLVIII

248 1060 452 1105 Lucanus
482 1059 679 1104 pharsal.
707 1060 748 1104 X
779 1066 859 1104 249
901 1062 1132 1103 ‘commeat
1165 1058 1245 1102 hac
1275 1058 1447 1116 penitus
1479 1056 1590 1101 taci-

112 1130 165 1174 tis
201 1129 472 1173 discursibus
506 1128 623 1172 unda
651 1128 834 1188 Frigore
871 1128 923 1172 ab
956 1130 1119 1171 Arctoo
1159 1126 1346 1170 medium
1386 1130 1590 1169 reuocata

112 1198 193 1243 sub
226 1212 376 1251 axem,
411 1196 518 1241 Cum
539 1195 745 1240 Phoebus
773 1196 932 1255 pressit
955 1197 1133 1240 Meroen
1160 1194 1378 1253 tellusque
1410 1196 1587 1251 perusta

113 1266 217 1311 Illuc
248 1265 371 1309 duxit
399 1264 563 1324 aquas?
620 1264 765 1309 Schol.
794 1265 835 1309 in
866 1264 905 1308 h.
934 1264 957 1308 l.
992 1269 1173 1324 ‘aquasz
1215 1262 1423 1306 Ennius
1458 1261 1589 1305 haec

114 1335 174 1379 de
205 1334 328 1378 Nilo
362 1333 458 1387 ait,
507 1333 651 1392 quod
687 1348 778 1392 per
819 1336 1090 1377 aestatem
1122 1332 1205 1375 sol
1245 1331 1307 1375 ab
1342 1329 1587 1374 inferio-

112 1403 263 1447 ribus
293 1416 479 1461 aquam
516 1415 685 1459 supra
716 1404 967 1455 reuocet,
1008 1404 1060 1445 et
1092 1400 1217 1444 hinc
1246 1414 1307 1443 eo
1343 1402 1589 1456 tempore

112 1471 272 1515 Nilus
306 1469 610 1514 increscat.’

780 1536 920 1580 XLIX

250 1614 433 1659 Seruius
459 1613 501 1657 in
524 1613 635 1657 Aen.
662 1613 677 1656 Ι
704 1619 776 1657 741
823 1617 948 1658 ‘sane
971 1613 1097 1658 Atlas
1120 1611 1334 1655 Graecum
1365 1612 1444 1663 est,
1479 1609 1590 1653 sicut

112 1688 154 1729 et
179 1684 322 1728 Nilus:
356 1698 452 1727 nam
483 1682 650 1726 Ennius
680 1681 780 1725 dicit
805 1683 977 1726 Nilum
1002 1680 1267 1725 Melonem
1299 1678 1468 1730 uocari,
1502 1677 1589 1719 At-

111 1753 269 1797 lantem
310 1766 416 1795 uero
457 1750 763 1794 Telamonem.’
825 1750 888 1795 Cs.
920 1750 1083 1795 Paulus
1120 1748 1237 1792 Festi
1274 1762 1314 1805 p.
1348 1753 1371 1789 7
1403 1746 1457 1789 M.
1498 1744 1590 1788 ‘al-

112 1822 219 1865 cedo
253 1820 475 1864 dicebatur
502 1819 555 1863 ab
584 1818 772 1877 antiquis
805 1834 882 1877 pro
913 1819 1110 1876 alcyone,
1151 1819 1197 1860 ut
1226 1830 1305 1874 pro
1336 1812 1589 1871 Ganymede

113 1889 373 1942 Catamitus,
424 1902 504 1945 pro
540 1887 662 1931 Nilo
700 1886 863 1931 Melo?
932 1888 1046 1931 Idem
1082 1901 1122 1943 p.
1155 1890 1201 1929 1⁵3
1234 1884 1287 1928 M.
1328 1882 1588 1926 ‘Alumento

112 1972 191 2016 pro
230 1956 528 2002 Laumedonte
570 1971 596 1999 a
642 1955 864 1999 ueteribus
911 1954 1117 2000 Romanis
1169 1952 1351 1996 necdum
1399 1948 1590 1994 assuetis

113 2026 305 2070 Graecae
325 2025 503 2083 linguae
523 2023 683 2068 dictum
703 2027 781 2067 est.
834 2024 905 2067 Sic
927 2023 1060 2068 Melo
1088 2037 1114 2080 p
1130 2036 1184 2065 ro
1208 2020 1354 2073 Nilo,
1395 2017 1589 2063 Catami-

116 2098 184 2138 tus
214 2109 292 2152 pro
319 2093 575 2151 Ganymede
692 2092 940 2136 dicebatur.’
1002 2092 1115 2135 Idem
1152 2105 1191 2147 p.
1224 2095 1300 2133 124
1333 2088 1386 2132 M.
1427 2085 1588 2130 ‘Melo

114 2162 286 2206 nomine
319 2161 402 2205 alio
435 2160 557 2204 Nilus
592 2160 797 2204 uocatur!

830 2248 865 2291 L

250 2327 414 2371 Paulus
457 2325 573 2370 Festi
622 2340 662 2383 p.
699 2331 725 2369 4
770 2324 824 2368 M.
881 2324 1190 2367 ‘ambactus
1243 2321 1358 2379 apud
1405 2318 1590 2363 Ennium

118 2398 271 2456 lingua.
319 2394 484 2439 Gallica
537 2407 694 2437 seruus
743 2391 1011 2450 appellatur.’
1085 2390 1229 2435 Gloss.
1279 2389 1410 2433 Labb.
1462 2390 1591 2431 ‘am-

117 2466 336 2518 hactus,
375 2463 550 2516 δοῦλος
578 2455 817 2518 μισθωτὸς
849 2454 911 2514 ὡς
933 2453 1150 2513 ''Evmogn⁷

822 2549 876 2594 LI

247 2632 405 2676 Festus
444 2647 483 2689 p.
523 2636 598 2674 153
634 2629 687 2673 M.
737 2630 872 2671 ‘meta
904 2661 1058 2670 .......
1092 2640 1142 2669 ca
1173 2640 1198 2668 a
1230 2622 1397 2667 cariore
1435 2654 1590 2664 .......

117 2734 241 2745 ......
275 2702 541 2758 peruentura
688 2696 803 2755 quod
1023 2694 1166 2738 dicare
1196 2692 1254 2737 ait
1281 2690 1449 2735 Ennius
1481 2723 1512 2732 ..
1545 2687 1588 2731 id

117 2771 183 2813 est
214 2802 514 2813 .............
542 2764 675 2810 meta’
707 2779 743 2808 e.
771 2779 810 2823 q.
838 2777 873 2807 s.
