1762 3057
706 175 1030 220 RELIQVIAE
1552 170 1605 212 75

832 286 904 331 LIl

268 367 463 426 Cumque
492 371 621 425 eaput¹
649 365 844 419 caderet,
882 380 1055 410 carmen
1085 365 1188 408 tuba
1220 365 1315 409 sola.
1340 366 1507 426 peregit

266 435 319 479 Et
350 438 559 494 pereunte
588 434 680 478 uiro
710 449 887 479 raucum
915 449 1053 478 sonus
1083 449 1183 477 aere
1216 434 1416 478 6116111111.

824 525 915 569 LIII

147 612 226 649 510
266 604 460 663 Corpore
487 603 693 648 tarturino
724 606 941 662 prognata
963 602 1125 646 Paluda
1160 602 1329 661 uirago,

267 673 345 718 Cui
376 688 456 731 par
487 672 621 716 imber
650 674 691 715 et
719 671 857 730 ignis,
898 671 1077 729 spiritus
1106 677 1147 715 et
1177 671 1329 729 grauis
1360 676 1468 715 terra

825 761 924 807 LIV

268 842 327 886 At
353 841 578 886 Romanus
611 840 763 896 homo,
800 843 945 885 tamen
975 840 1054 884 etsi
1084 854 1154 884 res
1188 839 1295 884 bene
1324 847 1454 898 gesta
1485 842 1564 892 est,

268 909 410 954 Corde
436 925 519 954 suo
547 909 733 968 trepidat

85 578 101 635 s

80 637 95 670 l

267 1078 369 1121 Inde
399 1077 555 1121 Parum
592 1077 766 1136 [circuni
793 1092 921 1137 quam
948 1077 1122 1121 caerula
1152 1075 1266 1120 salsa
1304 1074 1554 1134 ullulabanl.

148 1263 227 1301 515
267 1291 276 1299 .
351 1290 359 1298 .
433 1291 441 1299 .
517 1291 525 1299 .
768 1291 776 1299 .
852 1291 860 1299 .
935 1291 943 1298 .
1018 1291 1025 1298 .
1102 1254 1306 1298 111111111111

267 1324 427 1368 Sorum
455 1338 586 1369 suros
613 1325 742 1369 ferte:
775 1324 833 1369 ita
861 1324 974 1369 enim
1002 1323 1237 1368 defendere
1266 1330 1464 1381 possunt.

131 1459 192 1489 elis
220 1458 295 1489 etc?
346 1457 402 1489 LlI
429 1457 623 1489 Lactantius
651 1459 682 1489 in
701 1458 784 1491 Stat.
805 1460 911 1491 Theb.
937 1459 1047 1491 Χ1511
1077 1460 1229 1488 ‘carmen
1256 1457 1335 1487 tuba
1362 1456 1435 1487 sola
1464 1456 1609 1497 peregit:

132 1505 260 1536 Ennius
281 1527 288 1534 .
305 1527 311 1533 .
328 1505 355 1533 .'
451 1503 525 1535 LIII
553 1505 660 1535 Varro
685 1505 725 1537 (le
745 1506 782 1537 L.
804 1507 839 1537 l..
872 1507 932 1537 VII
954 1504 997 1537 37
1018 1505 1060 1536 M.
1091 1510 1253 1545 *corpore
1350 1503 1479 1543 uiragO.
1522 1507 1609 1543 tar-

133 1551 274 1582 tarino
304 1559 324 1580 a
352 1555 474 1581 tartaro
501 1568 541 1572 —-
574 1568 620 1573 —·
654 1551 821 1584 Paluda
844 1563 862 1583 a
890 1551 1163 1594 paludamentis:
1207 1550 1334 1580 Probus
1362 1549 1395 1579 111
1415 1549 1517 1588 Verg.
1543 1548 1610 1578 Hel.

131 1599 164 1631 u.
191 1596 232 1629 31
262 1606 295 1638 p.
326 1596 366 1627 18
390 1596 474 1627 Keil.
512 1596 610 1627 ‘hoe'
641 1597 707 1638 (sc.
737 1598 911 1640 spiritum)
943 1597 1064 1628 ‘illud'
1101 1596 1153 1637 (11.
1186 1606 1214 1627 e.
1247 1594 1377 1631 aerem)
1409 1600 1460 1626 *et
1486 1594 1613 1625 Ennius

131 1642 319 1685 appellauit
339 1643 371 1673 in
391 1642 587 1674 annalibus:
617 1641 708 1684 [510.
730 1644 838 1686 5ll].’
878 1644 927 1676 Cf.
945 1644 1062 1674 Festus
1080 1652 1113 1684 p.
1131 1640 1198 1674 359
1212 1642 1254 1673 M.
1285 1641 1520 1672 ί1311311110
1538 1651 1611 1671 euni

132 1690 219 1720 dixit
237 1688 382 1725 Ennius,
409 1687 577 1720 horrendo
598 1695 627 1720 et
648 1690 792 1721 terribili
815 1691 953 1721 Verrius
973 1689 1043 1720 uult
1066 1689 1193 1730 accipi,
1227 1697 1247 1718 a
1268 1693 1408 1720 tartaro.
1444 1687 1501 1726 qui
1522 1686 1613 1717 loeus

132 1735 224 1777 apud
244 1734 394 1766 inferos?
490 1734 565 1765 LIV
595 1734 710 1767 Cicero
742 1737 783 1768 de
810 1743 892 1767 orat.
914 1737 1035 1771 11142,
1060 1734 1124 1767 168
1159 1734 1300 1765 ‘uidetis
1330 1732 1479 1775 profecto
1507 1743 1614 1774 genus·

135 1783 195 1813 lioc
215 1786 339 1814 totum.
367 1791 442 1812 cum
464 1781 586 1813 inflexo
607 1789 878 1823 eomnmtatoque
898 1782 1000 1814 uerbo
1022 1792 1074 1813 res
1097 1780 1214 1812 eudem
1235 1781 1425 1811 enuntiatur
1443 1779 1612 1809 ornatius:

133 1829 184 1859 rui
205 1833 282 1859 sunt
300 1827 441 1858 finitima
462 1827 521 1858 illa
610 1852 616 1858 .
645 1839 720 1860 eum
741 1829 891 1868 intellegi
910 1829 1067 1859 uolumus
1181 1832 1235 1857 aut
1256 1837 1296 1857 ex
1317 1836 1382 1857 uuo
1404 1825 1539 1867 plures:
1565 1826 1612 1855 at'

133 1887 161 1905 v.
186 1885 217 1915 q.
237 1884 264 1905 s.
307 1873 427 1915 (Deest
454 1874 486 1904 in
507 1874 574 1904 Erl.
595 1874 632 1911 a)
727 1875 796 1906 LV.
825 1875 899 1906 LVI
932 1875 1049 1906 Festus
1079 1884 1112 1915 p.
1143 1872 1210 1905 286
1234 1873 1277 1904 M.
1314 1871 1480 1913 *rigido
1508 1870 1612 1913 [tum

134 1919 305 1952 caerula
332 1929 430 1951 suro
450 1930 524 1951 euin
541 1919 598 1961 ait]
622 1920 749 1952 Ennius
768 1922 895 1953 iocatus
917 1921 1051 1952 uidetur
1073 1943 1208 1951 .......
1234 1917 1403 1960 [cacru]li.
1424 1924 1475 1949 est
1493 1918 1581 1949 enim
1597 1928 1613 1947 11

135 1968 236 1998 maris
254 1964 418 2007 n0[niine.
441 1966 559 1997 eodem
580 1966 684 1998 uerbo
706 1967 747 1999 de
768 1967 900 2010 eadem]
926 1978 959 1998 re
979 1977 1061 1998 usus
1081 1972 1129 1997 est
1150 1973 1179 1997 et
1207 1965 1227 1995 l.
1251 1966 1297 1996 11:
1329 1963 1438 2006 [XIX]
1461 1970 1492 1995 et
1512 1963 1613 1994 alibi:

134 2013 235 2045 inde
260 2012 407 2043 Parum
439 2036 633 2044 ..........
666 2013 867 2048 ulabant.
901 2015 1022 2045 Parum
1050 2012 1195 2044 insulam
1224 2011 1336 2042 refert.
1377 2012 1476 2041 Item:
1509 2008 1612 2052 [LVI]

135 2070 178 2090 su
189 2060 222 2090 ri
250 2064 360 2090 autem
379 2064 455 2089 sunt
476 2058 600 2097 fustes,
628 2066 659 2091 et
678 2059 948 2102 hypocoristicos
974 2059 1123 2091 surculi?
1164 2058 1288 2089 Paulus
1308 2068 1340 2098 p.
1363 2056 1430 2088 ‘299
1452 2056 1494 2087 M.
1525 2059 1615 2087 ‘su-

135 2115 221 2136 rum
251 2104 425 2141 dicebant,
463 2115 504 2136 ex
541 2115 605 2145 quo
632 2116 692 2147 per
721 2107 984 2138 deminutionem
1012 2106 1045 2137 lit
1071 2104 1238 2136 sum-ulus.
1295 2103 1440 2135 Ennius:
1472 2101 1614 2144 [LVI].'

136 2152 252 2183 Festus
283 2161 316 2192 p.
343 2149 410 2182 298
433 2150 475 2182 M.
514 2154 682 2183 ‘surum
710 2152 865 2185 dicebant
892 2163 933 2185 ex
965 2162 1028 2192 quo
1062 2151 1138 2193 [per
1165 2150 1430 2182 deminutionem
1463 2148 1616 2179 surculusv

192 2270 260 2304 510
285 2276 442 2312 corpora
466 2265 545 2301 γαί.
563 2266 654 2301 Par.
672 2266 786 2302 Probi
900 2272 1056 2302 tartareo
1080 2266 1223 2302 Probus
1339 2264 1474 2311 plauda
1491 2263 1617 2298 Ηαιιη.

146 2323 336 2358 Varronis.
358 2321 494 2367 palude
521 2321 600 2357 Vccl.
619 2322 710 2357 Par.
729 2323 844 2359 Probi
980 2327 1048 2360 512
1071 2324 1120 2366 31]
1144 2328 1181 2357 ut
1198 2322 1279 2357 Erl.
1298 2322 1318 2356 b
1334 2323 1464 2366 aliique
1481 2319 1564 2354 libri

194 2379 339 2414 tametsi
360 2379 441 2413 Erl.
464 2378 483 2412 b
504 2379 634 2424 aliique
655 2379 737 2413 libri
878 2383 945 2416 514
977 2379 1062 2414 inde
1084 2380 1219 2413 Parum
1243 2379 1380 2412 cit-eum
1404 2387 1512 2421 quam
1535 2386 1618 2410 eae-

139 2436 218 2471 rula
244 2436 344 2470 salsa
367 2435 554 2469 ululabant
573 2434 622 2469 H.
644 2434 836 2480 Ilberqius.
869 2434 952 2469 inde
976 2436 1109 2469 Parum
1134 2459 1346 2468 ..........
1368 2433 1519 2467 ulabant
1537 2431 1616 2467 cod.

139 2493 160 2527 i.
179 2493 218 2527 P.
241 2492 299 2526 eui
321 2492 469 2526 caerula
490 2492 525 2525 ui
551 2490 675 2525 ualida
696 2491 924 2526 assultabant
947 2490 987 2526 0.
1005 2490 1205 2525 Muellerus
1346 2492 1413 2527 515
1430 2498 1482 2533 sq.
1506 2499 1618 2522 unum

140 2559 290 2584 usurum
322 2558 430 2582 surus
461 2548 554 2581 serre
589 2551 709 2581 lamen
740 2546 941 2581 defendere
972 2551 1129 2592 possunt
1158 2546 1237 2581 eod.
1261 2545 1361 2580 Festi
1377 2556 1421 2590 p.
1442 2536 1618 2581 286Jrus

140 2615 266 2641 surum
294 2630 505 2638 ..........
527 2614 566 2638 re
588 2607 742 2648 possent
763 2603 841 2638 cod.
867 2604 967 2638 Festi
978 2614 1022 2649 p.
1043 2605 1124 2639 298.
1149 2613 1242 2637 unus
1267 2612 1374 2636 surus
1402 2611 1528 2634 surum
1551 2601 1619 2635 fer-

140 2665 214 2705 ret,
242 2664 363 2695 tamen
385 2660 586 2695 defendere
608 2664 761 2705 possent
782 2659 932 2695 Paulus.
960 2670 1030 2693 una
1053 2657 1187 2694 Surum
1209 2669 1318 2693 surus
1340 2658 1470 2691 ferire:
1499 2661 1620 2691 tamen

141 2717 177 2752 d.
208 2721 365 2763 possunt
392 2717 440 2751 H.
476 2716 656 2762 Ilberqz'us
683 2720 718 2750 et
737 2716 817 2750 Th.
850 2716 1005 2761 Huyius.
1043 2716 1078 2749 in
1111 2726 1220 2749 111111111
1250 2714 1383 2750 Surum
1417 2712 1464 2747 ad
1494 2724 1620 2749 surum

142 2776 250 2810 ferte:
283 2777 403 2808 tamen
427 2773 463 2808 d.
487 2777 642 2821 possent
665 2772 705 2807 O.
731 2771 931 2807 Muellerus
951 2772 1002 2806 ael
1022 2772 1167 2806 Festum
1185 2782 1226 2819 p.
1249 2773 1317 2808 405
