1762 3057
151 175 209 216 40
730 171 1039 208 ANNALIVM

825 282 966 328 XVIII

293 368 420 429 [Heu]
451 368 652 427 quianam
677 363 801 408 dictis
828 361 990 406 nostris
1019 359 1232 404 sententia
1258 358 1373 402 ssexa
1397 356 1494 401 est?

841 439 943 484 XIX

172 532 252 570 265
290 523 534 581 Solporeas
565 521 713 579 posuit
744 518 979 579 spiramina
1006 516 1130 562 Naris
1162 514 1217 558 ad
1246 513 1398 557 undas.

855 596 939 641 XX

290 669 565 712 Russescunt
598 666 778 711 frundes

846 732 950 777 XXI

461 849 469 857 .
545 851 553 858 .
627 850 635 857 .
875 810 1084 868 longique
1115 803 1311 863 cupiessi

291 849 416 926 Stant
440 884 570 928 rectis
597 882 714 926 foliis
743 882 784 925 et
810 893 957 923 amaro
985 889 1171 934 corpoie
1199 874 1374 917 buxum.

722 1079 932 1132 LIBER
973 1078 1071 1131 VIII

871 1218 886 1261 Ι
907 1217 925 1237 *

710 1294 844 1338 Poeni
873 1294 1089 1352 stipendia
1115 1295 1321 1353 pendunt.

865 1382 899 1426 II
921 1382 941 1403 *

177 1467 466 1506 270..
542 1496 550 1503 .
626 1495 634 1503 .
708 1462 940 1519 postquam
974 1458 1203 1503 Discordia
1235 1463 1371 1503 taetri

295 1496 403 1573 Belli
435 1529 621 1572 feriatos
654 1531 805 1586 postes
836 1531 1075 1586 portasque
1107 1528 1289 1586 refregit

161 1664 310 1705 Iuppiter
331 1662 393 1693 hac
412 1668 487 1693 stat.
530 1661 626 1702 [Aen.
644 1660 708 1691 XII
723 1659 804 1702 565]
842 1661 968 1691 Ennius
994 1661 1026 1691 iu
1046 1660 1189 1702 septimo
1212 1684 1218 1691 .
1237 1685 1243 1691 .
1262 1661 1291 1691 .'
1389 1660 1501 1691 XVIII
1526 1660 1644 1691 Festus

161 1720 193 1750 p.
223 1709 289 1740 257
310 1709 352 1739 M.
384 1708 604 1748 ‘quianam
638 1716 698 1748 pro
725 1717 826 1746 quare
853 1712 883 1737 et
908 1717 965 1737 cur
992 1707 1139 1748 positum
1166 1711 1215 1737 est
1239 1707 1330 1748 apud
1359 1707 1514 1746 antiquos
1544 1724 1590 1728 —
1614 1711 1642 1738 et

161 1756 303 1786 EnnIum
338 1755 370 1784 in
397 1754 418 1784 l.
446 1754 508 1784 VII
540 1753 613 1783 ...'
664 1753 788 1783 Paulus
820 1764 852 1794 p.
881 1753 948 1785 256
970 1753 1012 1783 M.
1050 1753 1275 1793 ‘quianam
1303 1763 1363 1794 pro
1393 1762 1495 1792 quare
1527 1758 1556 1783 et
1588 1763 1646 1783 cur

160 1801 307 1842 ponitur.
357 1800 508 1831 Ennius:
543 1799 719 1839 quianam'
759 1812 787 1829 e.
822 1810 852 1839 q.
875 1809 902 1829 s.
1000 1798 1081 1829 XIX
1115 1799 1307 1829 Priscianus
1326 1799 1371 1829 VI
1400 1809 1433 1840 p.
1461 1797 1525 1830 691
1550 1799 1584 1829 P.
1613 1800 1644 1840 (l

161 1858 194 1888 p.
213 1845 279 1881 239
299 1844 358 1886 K.)
386 1853 393 1862 ⁶
408 1846 488 1877 Nar
509 1845 658 1876 seruauit
676 1856 695 1875 a
714 1846 913 1886 productam
934 1844 1034 1875 etiam
1055 1846 1089 1875 in
1120 1845 1267 1884 obliquis
1289 1845 1435 1875 casibus.
1464 1845 1592 1876 Ennius
1612 1845 1645 1876 in

160 1893 223 1923 vu
238 1892 409 1923 annalium
430 1916 436 1922 .
455 1916 461 1922 .
479 1892 504 1922 .’
533 1892 585 1930 (in
598 1891 680 1932 Reg.
694 1901 736 1921 m.
750 1892 807 1921 alt.
824 1890 902 1921 add.
919 1889 1073 1927 uersum)
1167 1890 1232 1921 XX
1253 1891 1426 1922 Charisius
1443 1891 1454 1921 Ι
1474 1902 1507 1933 p.
1528 1891 1592 1923 105
1608 1891 1643 1922 Ρ.

161 1939 223 1977 (75
241 1936 361 1977 Liud.)
400 1938 516 1968 ‘frus
535 1937 635 1967 liuius
656 1936 807 1970 frundis:
844 1936 933 1975 quod
961 1937 1009 1967 sic
1035 1937 1075 1967 ab
1096 1936 1202 1967 Ennio
1231 1943 1280 1967 cst
1308 1937 1513 1968 declinatum
1543 1947 1645 1968 anna-

163 1985 244 2014 lium
270 1984 356 2013 libro
375 1984 437 2013 VII
466 1983 536 2014 ...⁹
633 1982 713 2012 XXI
738 1983 957 2023 Philargyrus
978 1982 1011 2012 in
1032 1982 1152 2023 Georg.
1175 1983 1205 2013 II
1223 1983 1291 2014 444
1322 1990 1329 1998 ·
1344 1983 1495 2014 buxum
1518 1983 1646 2025 lignum

163 2039 228 2060 non
249 2029 401 2059 arborem
423 2029 526 2059 dixit:
566 2029 721 2068 quamuis
740 2029 837 2059 Ennii
863 2028 1019 2069 exemplo
1040 2034 1069 2059 et
1091 2028 1244 2059 arborem
1266 2029 1410 2070 potuerit
1432 2029 1543 2061 dicere
1563 2040 1645 2061 neu-

162 2082 213 2106 tro
231 2085 366 2116 genere.
408 2074 468 2105 Illi·
487 2075 575 2105 euim
598 2075 645 2105 sic
668 2074 701 2104 in
719 2075 863 2116 septimo
950 2074 957 2084 '

209 2143 322 2173 LIBER
346 2143 425 2172 VIII
475 2142 487 2172 I
514 2142 620 2172 Varro
643 2141 683 2172 de
700 2141 737 2172 L.
759 2142 796 2173 L.
820 2143 849 2173 V
871 2142 935 2173 182
956 2142 998 2172 M.
1028 2141 1168 2172 ‘militis
1188 2142 1419 2183 stipendia
1440 2142 1528 2175 ideo.
1556 2144 1646 2183 quod

165 2199 237 2219 eam
266 2189 390 2229 stipem
419 2188 629 2229 pendebant:
666 2188 706 2218 ab
740 2198 777 2219 eo
808 2189 906 2219 etiam
941 2188 1065 2219 Ennius
1095 2188 1232 2219 scribit:
1265 2189 1386 2219 Pocui'
1422 2200 1450 2220 e.
1473 2199 1505 2228 q.
1524 2198 1552 2219 s.

165 2236 192 2265 II
222 2234 360 2265 Seruius
381 2235 413 2264 in
436 2235 519 2265 Aen.
542 2234 604 2264 vll
624 2233 692 2265 622
730 2235 836 2276 “rupit
860 2235 1017 2265 Saturnia
1042 2240 1168 2275 postes.
1197 2234 1424 2277 acyrologiam
1452 2234 1531 2266 fecit
1556 2245 1646 2266 com-

166 2280 345 2311 mentando
364 2281 463 2311 Ennii
486 2290 631 2311 uersum.
673 2280 757 2311 Nam
776 2281 832 2311 ille
852 2281 916 2311 ait:
944 2280 1044 2311 belli'
1074 2291 1102 2311 e.
1127 2292 1158 2320 q.
1179 2291 1205 2311 s.
1248 2281 1405 2311 Horatius
1425 2280 1496 2313 Sat.
1517 2281 1529 2311 I
1550 2282 1582 2319 4,
1602 2280 1646 2313 60

165 2330 271 2365 ‘non,
318 2332 351 2357 ut
384 2327 412 2357 si
444 2326 557 2357 soluas
590 2332 821 2368 postquam
856 2326 1096 2357 Discordia
1135 2332 1273 2357 taetra
1304 2327 1418 2359 Belli
1454 2326 1646 2358 ferratos

163 2378 314 2414 postes
344 2378 588 2414 portasque
617 2372 828 2415 refregit,
864 2373 1017 2404 Inuenias
1045 2373 1143 2403 etium
1172 2373 1304 2404 disiecti
1324 2373 1474 2404 membra
1501 2374 1645 2415 poetae)

164 2418 349 2460 Porphyrio
378 2419 410 2449 in
430 2419 464 2449 h.
487 2419 507 2449 1.
545 2424 614 2449 ‘est
643 2429 779 2451 seusus:
814 2419 842 2450 si
872 2419 1041 2451 dissolutis
1069 2428 1187 2450 uersus
1217 2419 1271 2450 uel
1301 2429 1393 2450 meos
1429 2419 1484 2450 uel
1510 2419 1644 2458 Lucilii,

214 2547 283 2581 264
308 2544 382 2580 heu
403 2545 489 2580 add.
517 2545 560 2582 Α.
581 2545 821 2592 Achustimcs,
855 2544 1019 2591 Scaliyer
1042 2544 1135 2579 conl.
1170 2543 1278 2590 Verq.
1300 2542 1389 2578 Aen.
1436 2543 1467 2578 V
1490 2547 1533 2582 13

163 2624 298 2658 uostris
324 2623 390 2658 Th.
412 2623 556 2670 Huyius
696 2627 763 2662 265
795 2601 1002 2670 sulpiquroas
1025 2623 1142 2658 Bern.
1176 2622 1393 2668 solphoreas
1416 2622 1531 2669 Luyd.
1573 2625 1644 2659 sol-

161 2678 323 2723 phureas
347 2679 460 2726 Scmy.
491 2680 712 2726 sulphureas
734 2680 825 2727 Περ.
847 2680 1032 2715 Halbersz'.
1117 2675 1216 2714 nstris
1238 2678 1354 2725 Luqd.
1469 2682 1536 2717 266
1562 2691 1644 2716 rus-

163 2739 314 2769 sescunt
334 2736 412 2770 cocl.
426 2765 434 2779 ‚
463 2746 556 2783 quae
576 2748 652 2772 uox
676 2738 805 2772 lexicis
824 2738 892 2771 eric
913 2735 1096 2771 addenda.
1119 2739 1311 2770 rurescant
1333 2734 1389 2770 ed.
1405 2746 1473 2782 pr.
