1762 3057
652 169 982 206 PRAEFATIO
1491 181 1557 210 vn

87 275 248 330 studio,
286 291 412 332 quam
444 291 466 317 e
496 277 678 318 uictoria
709 277 958 333 sperabam,
996 278 1235 332 detinente,
1281 279 1362 321 hoc
1393 295 1472 335 ego
1512 283 1556 322 in

86 369 153 396 me
194 356 364 411 suscepi
404 356 598 397 certandi
643 355 895 412 periculum.
965 356 1056 399 Nec
1091 357 1249 410 defuit,
1291 373 1373 414 quo
1404 359 1448 400 id
1488 359 1553 400 lit-

87 434 293 475 terarium
341 439 557 476 certamen
596 435 697 476 iusti
737 436 981 476 certaminis
1021 436 1161 477 simile
1199 438 1357 491 exiret,
1405 438 1449 478 in
1487 453 1554 480 eo-

86 513 183 554 dem
221 513 359 555 stadio
399 512 630 555 decurrens
675 520 962 567 concertator,
1013 529 1121 556 unus
1161 515 1354 571 quidem,
1403 516 1480 558 sed
1520 518 1556 558 is

85 591 247 648 duplici
290 592 447 633 uirium
491 593 744 648 pernicitate
797 594 1045 634 instructus.
1119 593 1258 635 HVGO
1306 595 1557 638 ILBERGIVS

84 670 197 712 enim
228 676 270 711 et
301 669 586 712 THEODORVS
618 671 820 723 HVGIVS,
849 673 1081 713 amicorum
1107 687 1185 728 par
1214 688 1299 715 non
1328 676 1465 729 magis
1497 677 1557 717 in-

83 754 149 790 ter
180 764 226 790 se
260 764 388 806 quam
419 749 524 790 mihi
553 750 819 804 deuinctum,
859 766 954 792 cum
985 751 1038 791 ab
1076 752 1197 792 initio
1228 767 1347 794 suam
1377 760 1556 810 uterquc

82 829 197 870 uiam
234 829 449 885 persecuti
488 829 678 870 eiusdem
707 830 914 871 uictoriae
944 830 1113 871 laudem
1145 832 1417 887 adpeterent,
1457 849 1558 875 mox

84 908 223 962 ueriti,
253 923 306 949 ne
323 915 474 950 neuter
503 909 735 961 attingeret
765 908 938 962 calcem,
968 910 1194 952 conferunt
1224 925 1327 967 opes
1359 919 1400 953 et
1425 913 1556 954 unitis

82 986 248 1027 uiribus
296 987 352 1029 ad
388 989 653 1044 propositum
697 988 825 1028 finem
865 988 1149 1029 contendunt:
1207 991 1321 1045 quod
1365 991 1427 1031 illi
1471 1007 1557 1033 non

81 1072 193 1107 tecte
223 1072 296 1106 aut
327 1067 579 1108 insidiarum
612 1067 747 1107 instar
777 1073 978 1121 egerunt,
1012 1067 1087 1107 sed
1119 1074 1166 1108 ut
1193 1076 1427 1111 certatores
1459 1084 1555 1111 can-

83 1143 171 1185 didi
208 1150 249 1185 et
287 1160 453 1187 mecum
484 1147 851 1187 communicarunt
880 1145 1106 1187 consilium
1142 1152 1184 1187 et
1214 1148 1353 1189 ordini
1391 1150 1453 1190 rei
1494 1150 1555 1191 in-

83 1223 277 1265 stitutum
313 1225 426 1266 omni
465 1225 548 1266 fide
589 1225 774 1267 confessi
807 1231 918 1267 sunt.
979 1225 1130 1282 Itaque
1167 1227 1271 1268 ordo
1314 1243 1554 1283 agnoscens

82 1308 277 1343 neutram
307 1318 392 1344 non
423 1304 598 1359 dignam
630 1320 723 1345 esse
751 1305 934 1346 uictoria
965 1305 1320 1361 disputationem,
1351 1307 1475 1362 mihi,
1509 1315 1557 1350 ut

82 1383 154 1438 qui
194 1388 331 1424 tunus
371 1384 639 1424 coniunctam
674 1384 853 1425 duorum
891 1399 1062 1440 operam
1103 1386 1424 1441 aequauerim'‚
1467 1387 1554 1442 pal-

82 1476 192 1502 mam
233 1461 449 1515 attribuit,
498 1464 797 1518 competitores
839 1469 979 1504 autem
1018 1478 1135 1505 meos
1177 1465 1372 1520 proxime
1415 1480 1555 1507 acces-

82 1541 189 1582 sisse
227 1540 281 1581 ad
318 1542 543 1582 uictoriam
582 1542 801 1582 iudicauit.
862 1543 1003 1598 Atque
1041 1542 1211 1584 illorum
1247 1558 1401 1599 operae
1441 1544 1554 1586 lucu-

82 1619 198 1660 lenta
237 1620 472 1675 specimina
509 1626 700 1672 exstant,
742 1620 920 1673 llbergii
950 1621 1002 1662 de
1033 1623 1170 1677 primo
1208 1622 1375 1676 annali,
1419 1622 1554 1679 Hugii

82 1699 134 1740 de
166 1699 368 1754 septimo,
399 1706 573 1753 octauo,
613 1714 725 1741 nono
756 1700 1025 1755 conscriptae
1053 1700 1393 1743 dissertationes.
1454 1702 1553 1758 Ipse

82 1777 160 1819 sub
215 1778 329 1819 idem
387 1778 478 1819 fere
534 1784 700 1834 tempus
756 1778 877 1833 quasi
940 1778 1169 1833 prodromo
1231 1781 1554 1836 quaestionibus

82 1858 292 1898 Ennianis
327 1858 494 1899 emissis
535 1857 590 1898 ad
629 1857 860 1899 editionem
898 1856 1115 1897 annalium
1154 1858 1364 1913 integram
1402 1875 1552 1916 paran-

81 1936 179 1977 dam
209 1937 394 1990 accessi,
432 1937 620 1977 maxime
651 1936 898 1976 FRIDERICI
931 1936 1224 1991 RlTsCHELIl,
1261 1942 1553 1996 praeceptoris

80 2015 308 2069 insigniter
342 2016 394 2057 de
426 2030 492 2056 me
528 2015 691 2068 meriti,
729 2015 983 2055 auctoritate
1015 2015 1248 2057 adductus:
1302 2020 1422 2059 cuius
1461 2034 1553 2060 sen-

79 2094 239 2135 tentiae
276 2095 575 2150 competitores
607 2094 735 2135 facile
775 2093 1143 2149 obtemperantes,
1184 2111 1293 2152 quae
1331 2097 1383 2139 de
1411 2097 1553 2140 Ennio

79 2174 352 2214 commentati
392 2179 530 2227 erant,
573 2188 714 2215 meum
744 2174 788 2213 in
820 2188 945 2214 usum
983 2174 1300 2216 commiserunt.
1361 2175 1553 2228 Quorum

80 2252 266 2292 acumini
296 2259 500 2307 quantum
537 2253 766 2309 praecipue
797 2252 1014 2294 annalium
1046 2260 1087 2294 et
1118 2254 1359 2296 emendatio
1398 2261 1439 2297 et
1469 2257 1552 2298 dis—

80 2331 235 2387 positio
274 2330 448 2383 debeat,
501 2333 691 2387 ipsorum
732 2331 976 2373 nominibus
1022 2346 1072 2373 ea
1117 2332 1222 2386 fide,
1273 2349 1381 2389 quae
1430 2335 1553 2376 decet

79 2409 265 2451 maxime
293 2407 580 2465 philologum,
613 2409 806 2451 distinxi.

193 2488 278 2530 Sed
309 2503 363 2529 ne
393 2488 455 2528 sic
486 2488 682 2544 quidem,
721 2489 803 2529 nisi
833 2490 1119 2530 accessissent
1148 2489 1253 2542 alia,
1295 2491 1426 2531 Ennii
1465 2492 1550 2533 edi-

80 2569 239 2610 tionem
276 2567 434 2609 licebat
471 2581 584 2619 eam,
624 2581 732 2622 quae
766 2573 807 2608 et
837 2568 940 2607 mihi
975 2574 1016 2608 et
1051 2570 1203 2609 ceteris
1235 2570 1338 2610 satis
1375 2569 1548 2625 faceret,

79 2644 317 2688 instituere.
392 2645 558 2698 Quotus
604 2646 716 2686 enim
754 2646 934 2702 quisque
971 2661 1116 2688 eorum
1150 2649 1423 2704 scriptorum,
1477 2652 1549 2706 qui

80 2740 166 2766 non
197 2725 328 2780 dapes
361 2726 558 2780 opiparas
591 2723 667 2765 sed
695 2724 832 2766 frusta
855 2725 1019 2767 minuta
1044 2741 1172 2782 saepe
1206 2732 1247 2768 et
1276 2734 1418 2770 tamen
1448 2745 1547 2771 cara

80 2804 211 2859 prisci
239 2804 351 2846 uatis
382 2804 623 2862 adponunt,
664 2802 789 2847 hodie
817 2804 878 2845 eis
910 2806 1014 2846 artis
1047 2806 1221 2848 criticae
1254 2807 1546 2851 instrumentis
