1762 3057
215 220 327 249 Lxlv
746 211 1159 255 QVAESTIONES

215 330 321 360 erant
351 326 508 365 mittunt,
541 323 624 357 (lum
648 323 811 367 proelio,
843 322 972 357 deinde
1001 332 1050 357 ea*
1080 323 1213 358 laetitia
1248 324 1362 369 epulis
1391 322 1564 369 saliqalos
1588 322 1688 369 quies

216 400 393 431 nocturna
421 394 538 427 hostes
562 397 767 437 premeret,
806 397 843 427 ut
873 393 923 426 ad
949 402 988 427 se
1018 394 1235 428 transirem.-
1281 404 1351 427 mco
1389 394 1530 439 agmine
1567 392 1685 427 Cama—

216 468 307 501 sium
345 464 505 498 abituros
543 472 621 496 esse
648 481 701 485 ἢ
728 481 782 486 —
806 461 849 495 P.
879 462 1118 507 Sempronius
1159 463 1358 497 Tuditanus
1390 463 1553 498 tribunus
1595 462 1687 496 mili-

217 542 286 572 tum
321 536 424 580 ‘capi
452 544 537 579 erqo
567 532 750 567 inauullz's'
780 533 894 578 inquit
922 532 983 566 ‘ab
1014 534 1230 567 auarissimo
1259 536 1292 567 el
1319 534 1565 568 crudelissimo
1590 532 1690 567 hoste

234 627 271 632 -2
299 627 353 630 —
379 605 444 640 sed
471 607 663 649 antequam
703 603 874 646 opprimit
908 603 974 637 lucc
1014 604 1226 649 maioraque
1261 603 1414 638 hostium
1446 603 1589 648 aymina
1628 601 1686 636 ob-

214 679 385 723 saeptum!
422 677 508 717 iler,
539 682 613 718 per
648 672 712 706 hos
750 673 812 717 qm·
846 673 1045 707 inordinati
1081 677 1187 719 alque
1222 674 1448 718 incompositi
1482 673 1691 717 obstrepunt

213 750 330 794 portis
352 744 611 791 erumpamus'
643 763 698 769 ψ
720 763 773 767 ἡ
802 742 893 777 haec
922 743 983 777 utn'
1002 743 1094 777 (licta
1123 744 1227 784 (ledit,
1256 744 1400 789 stringit
1424 742 1667 788 yladiumcun

215 828 325 864 eoque
340 817 442 863 facto
455 826 526 861 per
548 815 682 849 medios
699 814 801 849 uadit
819 814 940 848 Imslis.
974 810 1068 848 Hinc
1101 810 1192 848 licet
1222 810 1355 848 horum
1388 823 1565 849 uersuum
1585 807 1686 847 XVI.

216 884 335 922 XVII.
360 882 485 921 XVIII
515 895 653 920 nexum
676 882 884 932 dispicere.
946 881 1028 918 Nec
1057 882 1106 919 ita
1129 882 1354 920 Incredibile
1389 889 1445 920 est
1464 882 1570 920 Liuio
1604 891 1686 918 cum

216 957 280 994 illa
323 959 502 993 exararet
529 953 686 991 annales
714 953 823 990 Ennii
857 953 1087 990 obuersatos
1119 964 1220 989 esse.
1281 952 1391 990 Vnde
1413 951 1559 1001 Hugius
1589 950 1687 988 adeo

216 1026 313 1063 baec
352 1024 492 1062 uerba:
533 1027 625 1060 haee
656 1028 717 1061 ubi
752 1028 846 1061 dicta
884 1027 980 1061 dedit
1011 1053 1018 1060 .
1044 1052 1084 1060 ..
1120 1025 1252 1069 hoste,
1296 1034 1394 1073 quae
1436 1022 1611 1073 procliue
1652 1020 1687 1056 in

218 1095 428 1133 hexametri
454 1106 648 1132 numerum
681 1094 956 1142 concederent,
990 1093 1132 1131 Liuium
1163 1105 1182 1130 a
1214 1098 1329 1143 poeta
1359 1099 1563 1131 mutuatum
1589 1092 1687 1129 arbi-

215 1166 398 1204 trabatur.
462 1164 510 1201 At
549 1164 585 1202 id
612 1165 774 1202 maxime
815 1171 951 1202 canent
983 1177 1066 1202 cum
1107 1163 1168 1200 alii
1210 1164 1422 1213 scriptores
1454 1170 1530 1202 tum
1560 1162 1687 1201 Liuius

215 1250 262 1274 ne
308 1235 481 1286 pedestri
536 1235 698 1272 orationi
744 1247 879 1272 uersus
923 1235 1170 1271 iumisceant:
1225 1234 1350 1271 inuitis
1392 1233 1572 1271 excidunt
1611 1243 1685 1269 non

215 1319 414 1356 numquam
461 1311 523 1343 aut
560 1318 697 1343 uersus
738 1312 801 1343 aut
838 1305 1041 1343 simulacra
1087 1316 1278 1341 uersuum.
1348 1302 1407 1341 Cf.
1452 1301 1687 1341 Boetticheri

214 1378 384 1415 Lexicou
404 1376 600 1414 Taciteum
622 1389 658 1427 p.
676 1376 813 1415 XCVI.
874 1376 923 1413 Vt
951 1375 1063 1413 ualde
1095 1374 1317 1412 mirabiliter
1345 1387 1389 1412 ac
1420 1379 1576 1424 praeter
1597 1383 1686 1410 con-

217 1448 453 1485 suetudinem
496 1446 622 1485 Liuius
666 1447 739 1484 1100
786 1447 873 1485 1000
918 1448 1045 1484 sciens
1091 1458 1135 1483 ac
1167 1446 1302 1483 uolens
1346 1447 1494 1495 integra
1545 1449 1685 1495 poetae

215 1519 334 1556 uerba
366 1531 412 1555 ne
443 1518 612 1565 mitigato
642 1517 793 1566 quidem
826 1524 888 1556 aut
920 1518 1127 1555 obscurato
1159 1528 1316 1553 numero
1351 1518 1383 1553 in
1416 1527 1521 1553 suam
1557 1527 1685 1552 narra-

215 1590 355 1626 tionem
395 1588 684 1637 adsumpsisset.
748 1587 819 1634 Qui
859 1587 1031 1638 quidem7
1073 1588 1173 1637 quod
1213 1587 1382 1625 Naekius
1421 1586 1688 1637 suspicabatur

215 1659 358 1709 Opusc.
399 1658 413 1695 Ι
452 1670 488 1708 p.
532 1657 631 1705 212,
683 1670 755 1694 nec
784 1669 865 1695 eam
918 1669 1027 1707 qnam
1059 1657 1220 1695 Orosius
1260 1657 1311 1694 IV
1348 1658 1363 1694 1
1404 1656 1517 1694 tradit
1555 1655 1687 1704 Pyrrhi

218 1729 504 1778 inscriptionem
534 1728 652 1778 (Ami.
676 1727 728 1764 VI
760 1727 805 1764 fr.
838 1727 929 1778 XII)
968 1728 1077 1766 saluo
1109 1733 1231 1765 metro
1257 1733 1483 1777 receperat,
1526 1733 1564 1764 et
1602 1739 1684 1764 cum

215 1799 410 1836 celebrem
450 1797 556 1835 Fabii
598 1798 748 1835 laudem
780 1797 987 1836 Ennianam
1024 1798 1142 1849 (Anu.
1176 1798 1229 1836 IX
1270 1798 1316 1836 fr.
1348 1797 1456 1849 VIII)
1503 1797 1684 1845 referret,

215 1881 367 1906 sensum
409 1873 574 1918 poetae7
622 1880 696 1904 11011
734 1880 927 1905 numerum
964 1881 1100 1906 uersus
1155 1869 1300 1907 curauit
1332 1867 1442 1906 XXX
1478 1866 1550 1906 26:
1597 1870 1688 1905 nihil

214 1945 346 1977 certius
384 1947 435 1976 est
471 1953 578 1986 quam
618 1953 728 1975 mmm
768 1941 943 1977 hominem
985 1942 1084 1976 nobis
1120 1942 1323 1977 cunctando
1361 1952 1436 1976 rem
1476 1942 1684 1984 restituisse,

211 2015 306 2047 sieut
340 2012 482 2045 Ennius
512 2013 572 2045 ait.
632 2007 715 2045 Nec
747 2008 901 2045 multum
935 2020 1010 2058 quo
1042 2020 1194 2046 uersum
1228 2021 1317 2046 esse
1345 2010 1586 2047 demonstres
1620 2020 1683 2046 ua-

213 2079 267 2117 let
298 2078 395 2116 haec
429 2078 570 2114 locutio
602 2081 693 2115 haec
720 2081 780 2115 ubi
808 2082 902 2115 (tiela
938 2081 1054 2126 dedit,
1094 2090 1165 2128 (1113
1199 2086 1379 2130 usurpata
1411 2080 1562 2130 quidem
1598 2086 1684 2118 ante

214 2162 233 2187 a
267 2149 395 2199 poetis
425 2148 497 2199 (cf.
517 2148 683 2186 Lucilius
710 2148 724 2185 I
753 2150 774 2186 7
802 2148 998 2196 Vergilius
1028 2147 1124 2185 Aen.
1154 2148 1187 2187 lI
1219 2150 1297 2187 790
1332 2150 1403 2188 VII
1423 2150 1502 2189 323
1522 2151 1593 2202 al.)
1626 2150 1683 2188 Li-

212 2221 296 2257 uius
328 2219 488 2257 subinde
522 2232 611 2256 usus
638 2225 710 2269 est,
743 2220 790 2257 cf.
824 2216 894 2255 Vll
923 2217 973 2256 33
1005 2217 1202 2258 Drakenb.
1266 2222 1347 2269 Qua
1371 2234 1412 2260 re
1444 2222 1562 2260 reieci
1592 2228 1683 2259 tam-

214 2302 323 2340 quam
354 2289 447 2327 Liuii
480 2289 598 2327 uerba
630 2291 765 2340 quibus
800 2289 946 2339 Hugius
979 2289 1176 2329 liberalius
1213 2291 1321 2330 Ennii
1361 2293 1544 2343 reliquias
1577 2293 1682 2331 locu-

214 2362 390 2412 pletarat.

324 2432 456 2469 Verbo
501 2438 650 2481 tangam
692 2431 737 2468 fr.
778 2429 865 2468 XVI
905 2442 979 2480 quo
1019 2430 1165 2469 Merula
1206 2432 1357 2470 Poenos
1398 2438 1584 2471 tormenta
1616 2433 1681 2470 mi-

210 2509 344 2541 nantes
376 2502 564 2552 Regulum
603 2501 841 2552 compellare
879 2501 1157 2539 arbitrabatur:
1198 2506 1354 2551 amplius
1396 2516 1582 2552 mamere
1620 2507 1680 2541 ob-

209 2578 299 2621 stipo
328 2577 460 2611 lumine
487 2576 591 2613 solis:
622 2573 803 2622 quocirca
847 2573 942 2610 miro
978 2584 1049 2622 (1113
1092 2572 1156 2609 ille
1199 2573 1312 2610 utitur
1351 2572 1460 2609 crisis
1501 2574 1680 2624 exemplo

211 2649 248 2680 et
277 2649 463 2692 exarmare
491 2642 606 2680 scribi
639 2649 676 2680 et
700 2654 853 2680 uersum
886 2655 933 2680 ex
965 2648 1105 2679 octauo
1131 2642 1298 2690 relegari
1330 2641 1363 2678 in
1395 2643 1593 2692 septimum
1626 2644 1679 2680 iu-

211 2711 287 2749 bet.
350 2714 507 2750 Sensum
542 2719 697 2763 poetae,
731 2725 840 2762 quem
874 2715 920 2749 ue
954 2712 1123 2749 Koenius
1143 2712 1291 2762 quidem
1325 2711 1486 2761 Epliem.
1514 2711 1677 2749 Darmst.

215 2782 312 2818 1841
352 2795 385 2819 11.
428 2783 501 2819 152
534 2783 744 2830 intellexit,
784 2782 930 2830 Hugius
964 2783 1139 2831 percepit
1179 2787 1215 2818 et
1247 2781 1517 2831 supplemento
1551 2793 1677 2818 exem-
