1762 3057
663 190 968 226 ENNIANAE
1382 202 1546 232 XXXVII

79 301 297 347 exortoque
324 298 423 335 inter
454 299 592 337 fratres
625 302 846 340 certamine.
876 301 974 341 Vide
990 302 1238 340 Niebuhrium
1268 303 1290 341 l.
1311 303 1335 341 l.
1359 304 1544 354 Schweg-

80 368 200 406 lerum
237 368 261 405 1.
296 368 319 406 l.
353 381 388 418 p.
424 369 517 407 33⁵3.

189 437 322 488 Itaque
352 438 535 476 Romulus
566 441 600 477 in
634 441 803 479 Palatino
835 441 966 481 urbem
998 445 1138 482 extruit
1177 457 1222 482 ac
1261 457 1368 482 muro
1410 446 1544 495 firmat,

78 509 352 547 transilientem
380 509 537 547 Remum
565 510 766 548 obtruncat
796 512 852 549 liis
884 512 1013 550 uerbis
1045 514 1200 552 additis:
1247 528 1313 552 nec
1343 518 1409 563 pol
1441 518 1545 554 homo

76 585 265 630 quisquam
294 582 408 629 faciet
441 585 577 629 inpune
603 585 784 619 animaws
815 584 895 620 Hoc
926 583 1101 633 (LVIII).
1170 584 1227 622 Ad
1260 591 1407 635 raptum
1438 585 1545 623 Sabi—

79 663 210 689 narum
241 652 303 701 qui
336 657 443 688 certo
476 651 667 689 referatur
700 664 849 699 uersus7
884 666 977 690 unus
1007 666 1124 703 super
1153 661 1211 692 est
1244 655 1370 705 (LX):
1410 668 1457 693 ex
1492 657 1543 693 in-

79 721 195 759 certis
222 720 295 759 huc
327 721 495 771 pertinet
526 721 693 759 fortasse
718 722 749 758 V
773 723 873 760 conl.
905 722 1092 770 Dionysio
1120 724 1241 762 Halic.
1278 725 1406 776 Antiq.
1435 726 1543 764 Rom.

78 792 110 830 II
143 791 194 829 32
224 804 259 842 p.
293 792 372 830 303
405 791 538 828 Reisk.
568 786 619 838 ὡς
651 790 691 830 δὲ
723 789 913 842 διεβοήθη
935 787 982 830 τὰ
1024 793 1111 845 περὶ
1147 789 1218 845 τὴν
1250 790 1433 847 ἁρπαγην
1469 799 1547 835 τῶν

76 861 289 914 παρθένων
315 860 382 899 καὶ
410 854 457 899 τὰ
486 860 572 911 περὶ
599 856 686 908 τοὺς
714 857 863 913 γάμους
891 861 943 907 εἰς
971 855 1037 908 τὰς
1061 862 1351 917 πλησιοχώρους
1375 861 1516 913 πόλεις.

188 933 268 971 Ioui
296 932 472 970 Feretrio
506 939 593 981 post
624 945 787 982 pugnam
820 931 1112 970 Caeninensium
1144 936 1324 985 templum
1343 949 1362 974 a
1384 936 1545 975 Romulo

75 1004 320 1051 aedificatur,
371 1003 669 1039 uetustissimum
710 1001 867 1040 Romae.
944 1002 998 1040 Ea
1039 1006 1248 1043 occasione
1291 1007 1402 1044 ludos
1442 1008 1544 1055 illos‚

77 1086 174 1124 quos
212 1075 369 1111 Seruius
404 1073 437 1109 in
468 1072 609 1121 Georg.
644 1071 676 1109 11
709 1072 784 1110 :381
823 1072 947 1122 (LXI)
982 1074 1171 1123 perhibet,v
1203 1077 1395 1114 institutos
1428 1079 1545 1115 31ἰο-

75 1145 177 1182 mulo
201 1144 449 1182 crediderim:
481 1155 673 1193 pompam7
699 1155 771 1192 qua
796 1144 829 1179 in
853 1142 983 1180 urbem
1007 1145 1205 1192 ingressus
1224 1148 1284 1193 sit7
1314 1148 1545 1197 explicatius

75 1215 282 1262 Dionysius
305 1212 426 1250 Halic.
452 1213 580 1263 Antiq.
607 1212 714 1249 Rom.
739 1213 771 1251 ΙΙ
794 1214 844 1251 34
871 1226 906 1263 p.
933 1214 1011 1250 :307
1040 1213 1172 1252 Reisk.
1202 1223 1342 1260 narrat.
1377 1218 1424 1255 de
1449 1219 1546 1256 ludis

75 1283 179 1322 nihil.
229 1283 311 1321 Nec
342 1285 373 1320 si
406 1285 488 1333 quis
522 1284 568 1321 de
601 1284 765 1321 Statoris
797 1284 940 1333 templo
976 1285 1079 1322 malit
1102 1286 1297 1333 cogitare.
1333 1300 1408 1336 ego
1434 1290 1546 1326 inter-

76 1355 222 1393 cedam.
279 1354 337 1391 Ad
366 1354 472 1403 ipsos
504 1359 629 1390 autem
661 1354 770 1391 ludos
802 1360 1012 1403 praeeunte
1040 1354 1210 1402 Ilbergio
1241 1356 1370 1394 refero
1404 1365 1438 1395 et
1474 1359 1546 1396 lioe

75 1434 95 1460 a
129 1423 266 1459 Seruio
300 1424 334 1460 in
365 1423 461 1460 Aen.
501 1423 663 1462 111*3S‡1
699 1424 732 1459 in
767 1424 958 1473 pedestris
991 1425 1111 1473 magis
1144 1425 1326 1463 orationis
1358 1430 1544 1478 speeiem,

76 1505 187 1543 quam
218 1494 253 1530 in
282 1506 416 1531 uersus
445 1506 490 1532 ac
520 1494 629 1531 metri
665 1494 821 1531 formam
854 1501 1045 1531 seruatum
1079 1495 1353 1543 fragmentum:
1384 1500 1543 1544 rnns'ris‘»

76 1569 169 1613 tique
207 1568 282 1601 oleo
313 1569 441 1602 lentati
478 1572 510 1601 ec
537 1567 588 1601 ad
614 1579 719 1601 arma
749 1569 877 1612 parali
908 1564 1049 1611 (LXII)
1083 1571 1119 1602 et
1150 1568 1344 1613 bella-repa
1377 1565 1544 1615 (LXIII).

77 1646 187 1684 quam
222 1646 358 1672 uocem
393 1647 414 1673 a
451 1635 566 1672 Festo
607 1635 726 1683 (uide
762 1634 914 1671 Paulum
959 1647 993 1683 p.
1035 1635 1085 1672 :35
1123 1634 1194 1684 M.)
1238 1647 1286 1672 ex
1322 1635 1442 1673 Ennio
1482 1636 1546 1673 de—

79 1711 289 1755 promptam
323 1718 412 1743 esse
442 1705 486 1741 0.
522 1704 731 1742 Muellerus
765 1705 982 1753 suspicatus
1016 1710 1088 1741 est.

190 1775 247 1812 De
279 1775 384 1812 hello
412 1788 495 1813 cum
528 1776 620 1825 ipsis
652 1775 801 1813 Sabinis
833 1781 946 1823 gesto
979 1786 1052 1811 non
1084 1774 1237 1811 multum
1271 1774 1360 1811 licet
1391 1788 1412 1812 e
1447 1776 1546 1824 l'rag-

76 1852 286 1882 mentorum
327 1847 509 1883 tenuitate
553 1846 766 1895 dispicere:
810 1846 844 1881 in
880 1845 1019 1882 initium
1053 1845 1143 1882 belli
1184 1844 1319 1893 relego
1351 1846 1441 1882 satis
1472 1858 1545 1882 am-

79 1916 215 1961 biguae
249 1922 288 1953 ut
327 1917 450 1953 sentio
491 1916 594 1954 sedis
633 1916 882 1962 fragmentum
924 1913 1060 1950 LXIV:
1107 1914 1284 1951 adiuuant
1328 1915 1546 1964 opinionem

78 1984 234 2023 Ouidius
265 1986 355 2024 Met.
390 1986 479 2024 XIV
512 1986 591 2024 779
632 1989 826 2032 Tatiusque
859 1990 1064 2032 patresque
1099 1986 1225 2021 Sabini
1268 1989 1368 2022 Bella
1403 1995 1545 2034 (serum.

77 2060 245 2104 areisque
274 2061 334 2094 uia
365 2059 524 2105 Tarpeia
551 2059 693 2093 reclusa
720 2057 873 2102 Dianam
907 2057 1063 2090 (mimam
1091 2067 1212 2101 poena
1241 2060 1415 2103 conffl’slis
1449 2061 1550 2093 escuir

78 2129 205 2162 armis.
246 2128 339 2163 Inde
363 2131 435 2163 sali
454 2129 607 2164 Curibus
636 2130 827 2163 laeilorwn
850 2137 949 2161 more
969 2127 1138 2172 luporum
1163 2128 1234 2161 Ore
1248 2133 1423 2173 premunt
1444 2139 1549 2163 uoces

79 2203 111 2232 el
138 2210 339 2244 corpora
362 2201 492 2234 uicta
516 2208 687 2244 sopore
710 2197 971 2232 Inuadunt:
993 2200 1030 2230 et
1049 2193 1257 2241 Dionysius
1277 2194 1396 2232 Halic.
1418 2195 1545 2244 Antiq.

81 2264 189 2301 Rom.
223 2265 255 2301 II
285 2266 335 2303 38
368 2278 405 2315 p.
436 2266 515 2304 316
548 2266 679 2303 Reisk.
711 2258 854 2314 μαθὼν
886 2261 926 2300 δὲ
955 2256 1026 2312 τὴν
1047 2259 1298 2315 παρασκευὴν
1318 2260 1447 2302 αὐτῶν
1471 2260 1547 2302 Τά-

78 2328 201 2380 τιοςὸ
235 2336 311 2371 τῶν
335 2335 520 2385 Σαβίνων
550 2329 729 2386 βασιλεὺς
762 2328 934 2379 νυκτὸς
973 2329 1255 2383 ἀναστήσας
1293 2329 1375 2372 τὸν
1413 2345 1549 2382 στρα-

79 2399 162 2443 τὸν
196 2395 279 2454 ἦγε
314 2398 394 2442 διὰ
428 2407 512 2454 τῆς
544 2400 711 2455 χώρας.
772 2404 961 2440 Incertius
998 2416 1223 2453 quamquam
1257 2415 1329 2440 non
1364 2404 1544 2452 ineptum,

80 2478 181 2526 quod
215 2475 338 2513 editor
365 2475 573 2525 Lipsiensis
612 2475 685 2512 hoc
713 2486 827 2511 uersu
865 2486 935 2510 mxc
963 2477 1091 2511 deinde
1119 2478 1248 2511 citatus
1275 2476 1448 2511 Comcellil
1471 2486 1550 2510 sese

81 2547 174 2593 (inc.
209 2545 290 2583 sed.
319 2545 391 2596 Vl)
425 2545 626 2582 Romulum
656 2544 850 2592 designari
876 2544 1035 2592 putauit,
1069 2544 1131 2593 qui
1163 2544 1293 2581 Iouem
1328 2545 1547 2592 inprecatus

81 2628 216 2665 magna
247 2617 281 2653 ui
314 2617 348 2652 in
381 2616 513 2653 hostes
546 2614 714 2652 incurrit.
747 2612 805 2650 Cf.
836 2613 962 2650 Liuius
995 2613 1041 2650 al)
1073 2613 1165 2650 urbe
1195 2614 1305 2651 cond.
1335 2613 1350 2650 I
1386 2612 1433 2649 12
1455 2616 1547 2651 haec

76 2694 254 2735 precatus
286 2716 293 2722 .
324 2716 332 2722 .
359 2716 366 2723 .
394 2716 401 2723 .
423 2690 585 2723 restitere
614 2687 772 2721 Romani
807 2691 991 2732 [amquam
1020 2688 1168 2721 caelesti
1194 2696 1282 2721 uoce
1307 2687 1412 2721 iussi.-
1443 2687 1548 2731 ipse

81 2761 139 2794 (ια’
161 2762 401 2805 primores
432 2760 658 2795 Romulus
682 2759 924 2804 prouolat.
983 2754 1044 2792 Fr.
1079 2754 1179 2793 LXV
1207 2753 1368 2792 Sabinas
1408 2755 1444 2792 in
1472 2766 1548 2790 me-
