1762 3057
623 192 626 195 ·
688 181 1009 227 RELIQVIAE
1535 177 1587 217 81

737 291 963 336 LXXXIX

254 374 447 417 Flamma
471 371 553 416 loci
586 374 819 430 postquam
846 370 1098 414 oonelusast
1124 369 1294 413 turbine
1325 383 1460 413 saeuo

811 467 890 513 XC

250 549 360 593 Huic
387 552 575 594 statuam
602 546 732 593 statui
761 547 966 590 maiorem
1000 545 1127 590 horto
1152 561 1329 590 auream
1355 545 1519 590 ahenis.

786 646 882 692 XCI
903 646 922 668 *

131 736 210 773 555
248 729 342 773 Rex
374 729 523 773 ambas
555 727 668 771 ultra
701 726 865 769 fossam
899 725 1160 784 protendere
1188 729 1343 788 eoepit.

775 826 890 871 XCII
913 827 931 848 *

251 910 294 954 ln
327 912 496 954 montes
528 905 694 966 patrios
727 908 769 948 et
801 905 856 949 ad
888 905 1150 951 incunabula
1178 909 1330 951 nostra

782 1006 921 1052 XCIII

252 1090 471 1135 Siluarum
497 1087 637 1131 saltus
664 1085 853 1130 latebras
885 1085 1110 1144 lamasque
1136 1086 1307 1129 lutosas

253 1269 397 1328 Atque
425 1282 556 1312 manu
587 1280 749 1324 magna
774 1264 999 1309 Romanos
1027 1264 1180 1323 inpulit
1212 1266 1364 1311 amnis,

796 1366 918 1411 XCV

334 1446 543 1506 premitur
574 1445 685 1504 pede
714 1459 792 1503 pes
825 1451 955 1504 atque
983 1444 1115 1488 armis
1146 1459 1265 1488 arma
1294 1446 1505 1488 teruntur.

137 1632 216 1671 560
256 1625 477 1670 Carbasus
506 1625 593 1669 alta
618 1624 738 1668 uolat
763 1624 949 1683 pandam
975 1624 1158 1668 ductura
1189 1623 1390 1668 carinam.

116 1760 260 1791 Ennium
281 1784 287 1790 .
305 1783 311 1790 .
327 1760 353 1790 .'
497 1757 673 1789 LXXXIX
699 1757 813 1789 Schol.
836 1759 911 1788 Vat.
937 1759 971 1788 in
990 1758 1065 1788 Ter.
1086 1757 1202 1787 lleaut.
1228 1758 1257 1788 II
1277 1756 1309 1795 3,
1328 1759 1349 1788 4
1374 1756 1429 1798 (L.
1449 1756 1600 1798 Schope-

117 1816 177 1837 uus
195 1816 309 1848 progr.
330 1806 436 1837 Bonn.
459 1803 546 1836 1832
567 1815 600 1846 p.
622 1802 661 1843 6)
697 1806 704 1819 ·’
720 1803 804 1835 loci:
839 1804 1034 1845 parhelcon.
1055 1814 1131 1834 nam
1156 1803 1219 1833 loci
1247 1804 1336 1835 omni
1360 1802 1600 1843 significationi

116 1853 195 1883 addi
223 1852 318 1883 solet.
360 1852 488 1883 Ennius
520 1874 553 1880 ..
577 1851 603 1880 .'
700 1850 759 1882 XC
785 1850 985 1882 Consentius
1015 1849 1056 1881 de
1087 1849 1306 1880 barbarismis
1339 1859 1372 1890 p.
1404 1848 1446 1880 31
1474 1848 1598 1880 Buttm.

117 1899 284 1930 *Ennium
312 1898 408 1929 huie'
448 1909 476 1927 e.
499 1908 530 1936 q.
550 1908 577 1927 s.
608 1902 658 1927 ‘ct
686 1896 741 1927 11ἰο
764 1906 895 1937 quoque
920 1906 980 1938 per
1000 1895 1259 1937 metaplasmum
1284 1895 1430 1936 dempsit
1456 1894 1601 1926 litteram

117 1945 155 1975 1·.’
250 1944 325 1976 XCI
353 1943 514 1975 Claudius
534 1942 701 1973 Sacerdos
722 1944 733 1974 Ι
752 1944 797 1974 44
816 1942 914 1973 Ε11111.
946 1941 1175 1983 ‘synecdoche
1304 1952 1364 1983 per
1385 1941 1419 1972 id
1440 1941 1529 1981 quod
1551 1941 1602 1972 di-

117 1991 202 2021 citur
228 1990 313 2021 illud
339 1990 429 2030 quod
457 1990 627 2029 sequitur:
659 1990 735 2019 rex‘
774 2000 802 2020 e.
832 2000 863 2029 q.
893 1999 920 2019 s.
958 1988 1176 2019 *subauditur
1205 1988 1294 2018 enim
1322 1987 1464 2018 manus.¹
1502 1987 1601 2018 Ennii

118 2046 252 2068 uersum
279 2047 353 2068 esse
375 2041 467 2078 putat
489 2035 724 2066 Lachmannus
750 2034 793 2066 ad
812 2034 909 2065 Lucr.
934 2036 978 2065 lv
1001 2034 1068 2066 619
1164 2033 1254 2065 XCII
1282 2034 1398 2065 Cicero
1419 2033 1462 2064 ad
1482 2033 1549 2064 Aa.
1574 2034 1601 2063 ll

121 2083 173 2120 15,
195 2082 215 2114 3
249 2085 332 2125 ‘ego
361 2091 441 2113 uero
469 2082 508 2112 in
537 2089 700 2112 montes
728 2082 896 2122 patrios
916 2088 954 2112 et
981 2081 1031 2112 ad
1063 2080 1329 2111 incunabula
1358 2085 1504 2110 nostra
1526 2089 1603 2121 per-

118 2129 220 2170 gam.’
260 2129 448 2159 Ennianum
467 2138 540 2159 esse
560 2133 635 2169 post
654 2128 852 2158 Santenium
871 2127 913 2157 ad
933 2127 1171 2158 Terentianum
1194 2137 1227 2168 p.
1249 2126 1316 2158 280
1334 2127 1492 2167 opinatur
1507 2126 1602 2156 Firu-

120 2174 264 2205 liaberns
290 2174 460 2215 I‘hilologi
484 2174 529 2204 Vl
553 2173 617 2206 371
716 2172 823 2204 XClII
852 2173 1100 2204 Commentator
1125 2172 1264 2212 Cruqnii
1292 2173 1324 2203 in
1352 2173 1429 2203 Hor.
1460 2172 1566 2212 Epist.
1591 2172 1602 2201 1

122 2219 174 2257 13,
204 2220 246 2251 10
280 2220 455 2257 stamas,
490 2219 627 2250 lacunas
655 2220 819 2250 maiores.
856 2220 1062 2249 continentes
1090 2229 1211 2258 aquam
1239 2219 1417 2249 caelestem
1445 2217 1602 2258 501111111-

121 2267 210 2297 uiam
326 2266 454 2296 Ennius
477 2266 544 2295 ...'
642 2264 748 2295 XCIV
775 2264 890 2296 Srhol.
919 2266 1043 2296 Veron.
1073 2266 1104 2295 in
1125 2266 1208 2295 Aen.
1236 2264 1265 2294 V
1294 2264 1358 2296 241
1390 2274 1423 2305 p.
1445 2263 1489 2295 95
1514 2263 1599 2293 Keil.

119 2312 285 2343 ‘Enniust
307 2312 422 2351 atque'
447 2322 475 2342 e.
497 2321 527 2350 q.
551 2321 577 2341 s.
673 2309 765 2341 XCV
794 2311 920 2341 Hirtius
946 2311 1026 2341 bell.
1050 2311 1145 2351 Hisp.
1175 2321 1203 2340 c.
1223 2309 1264 2341 31
1289 2310 1381 2347 ‘hic‚
1409 2314 1444 2339 ut
1468 2309 1513 2339 ait
1537 2308 1603 2339 En-

119 2359 212 2396 nius,
248 2368 321 2400 pes
354 2357 460 2399 pede
493 2357 720 2398 premitur,
761 2357 889 2387 armis
918 2362 1116 2387 teruntur
1144 2357 1280 2387 arma.’
1384 2355 1491 2386 XCVI
1524 2354 1599 2385 Vet.

179 2496 246 2530 553
271 2493 485 2527 conclusast
510 2491 653 2526 turbine
671 2491 857 2525 Fae'rmcs.
879 2500 1064 2525 concussa
1088 2490 1310 2535 praeorbine
1340 2489 1518 2524 Victorius

179 2551 247 2586 554
270 2549 450 2583 maiorem
473 2547 579 2582 horto
605 2557 755 2582 auream
778 2546 908 2581 ahenis
930 2545 1190 2581 Lachmannus
1211 2545 1262 2580 ad
1280 2545 1393 2580 Luer.
1425 2543 1480 2579 VI
1498 2547 1601 2580 1135.

121 2606 301 2640 maiorum
321 2610 355 2639 et
377 2606 421 2639 ab
443 2608 504 2638 otu
525 2603 680 2638 Athenis
705 2602 926 2638 Consentius.
959 2602 1078 2647 magis
1113 2612 1323 2636 mansuram
1347 2611 1489 2646 auguro
1517 2600 1604 2634 ahe-

123 2662 178 2696 nis·
201 2660 252 2695 H.
274 2660 454 2706 Ilberqius
599 2663 665 2696 555
692 2659 819 2692 ambas
850 2657 1155 2693 Vinclobonenses.
1191 2668 1295 2691 amus
1326 2657 1404 2691 eod.
1521 2667 1604 2700 pro-

123 2716 274 2751 tendere
291 2716 563 2752 Lachmcmnus.
586 2715 744 2749 retinere
766 2715 846 2749 eod.
990 2717 1058 2751 558
1078 2714 1207 2758 inpulit
1224 2713 1304 2748 cod.
1449 2714 1516 2748 559
1536 2723 1603 2757 pes

122 2772 219 2817 pede
240 2774 438 2818 premitur,
470 2771 582 2806 armis
607 2773 770 2805 teruntur
795 2780 917 2813 arina,
950 2773 1061 2804 metro
1079 2770 1210 2812 soluto,
1242 2768 1387 2804 Hirlius

235 2839 383 2873 ENNivs.
1293 2834 1318 2870 6
