1762 3057
242 219 387 248 XLVIII
774 211 1185 256 QVAESTIONES

242 324 498 361 narrationem
519 334 587 372 per
606 321 667 358 tila
687 321 871 370 quaedam
892 327 1071 358 retexere
1091 326 1204 370 atque
1224 325 1363 370 poetae
1382 321 1453 359 uim
1472 328 1509 359 et
1527 321 1716 370 ingenium

243 395 385 431 sentire
406 394 527 430 sinunt
548 392 772 440 fragmenta.
819 391 924 438 Ergo
948 404 995 428 ex
1016 404 1111 439 mea,
1146 403 1255 441 quam
1281 390 1424 429 Merula
1446 392 1622 443 praeiuit,
1642 391 1716 429 dis-

243 465 434 514 positione
457 464 542 500 liuic
566 462 662 499 libro
686 461 914 508 Pyrrhum
935 461 1062 499 licebit
1090 462 1315 500 inscribere.
1349 462 1493 510 Pyrrho
1513 464 1625 512 enim,
1646 474 1717 500 nec

245 546 340 572 uero
362 534 444 571 aliis
478 532 592 570 rebus
620 538 775 582 praeter
796 532 978 579 Pyrrhum
1008 531 1068 569 liic
1101 531 1197 569 liber
1228 533 1374 571 dicatus
1404 539 1482 571 est:
1517 534 1608 571 licet
1633 544 1717 570 uer-

242 617 336 653 sum,
359 604 420 655 qui
442 605 563 654 ipsum
586 601 717 650 Pyrrhi
740 614 890 649 nomen,
912 600 973 638 uel
988 600 1095 638 Burri
1115 613 1220 639 more
1240 601 1427 652 Enni-ant),
1451 603 1608 642 exhibet
1626 602 1717 654 (V),

242 687 263 711 e
297 675 427 724 quinto
458 672 604 711 Nonius
635 684 672 723 p.
705 671 808 721 226,
841 672 892 709 30
924 671 1155 721 laudauerit,
1188 685 1260 710 nec
1291 673 1454 723 diligens
1485 675 1570 725 ipse
1594 686 1718 723 gram-

241 745 425 793 maticus,
460 755 533 781 nec
564 756 584 782 a
617 743 781 781 librariis
813 748 995 781 tractatus
1023 743 1241 793 diligenter.
1297 742 1413 782 Cuius
1441 751 1565 783 tamen
1587 750 1718 783 aucto-

241 815 350 852 ritate
399 814 502 850 nisus
543 812 775 851 Niebuhr-ius
818 814 852 850 in
904 813 1048 850 scholis
1101 814 1208 851 acad.
1256 814 1303 851 de
1346 814 1503 853 historia
1548 814 1718 853 Romana

243 885 288 935 (Ι
328 885 408 936 23)
462 885 629 935 quintum
675 883 871 930 annalem,
923 894 997 919 non
1039 889 1209 931 sextum,
1263 883 1409 931 Pyrrho
1453 885 1629 923 ascribit:
1683 890 1718 922 at

241 955 438 993 Niebuhrii
482 955 667 992 annalium
708 954 910 1003 dispositio
952 953 1129 990 uniuersa
1171 966 1310 992 uereor
1359 961 1398 992 ιιι
1435 955 1561 993 dedita
1600 967 1718 1006 opera

243 1025 409 1062 instituta
440 1025 603 1062 omnium
635 1023 935 1072 fragmentorum
957 1023 1269 1062 consideratione
1293 1026 1444 1063 nitatur.
1497 1026 1530 1063 A
1554 1038 1626 1076 qua
1652 1038 1719 1063 cur

243 1096 277 1132 in
314 1095 396 1133 aliis
438 1095 545 1133 libris
588 1094 859 1141 discesserim,
907 1092 995 1130 alibi
1035 1093 1176 1131 dicam:
1229 1095 1263 1131 in
1298 1095 1444 1143 Pyrrho
1487 1096 1587 1146 quod
1627 1095 1717 1133 Nie-

240 1166 411 1203 buhrium
440 1177 515 1202 non
547 1176 714 1214 sequor,
750 1176 832 1201 cum
860 1164 991 1211 testis,
1023 1175 1133 1213 quem
1155 1163 1266 1201 Nonii
1295 1167 1512 1204 testimonio
1545 1176 1716 1217 oppono,

238 1235 376 1273 Festus
411 1248 470 1273 me
506 1241 682 1282 moueat,
726 1235 789 1284 qui
821 1246 856 1284 p.
894 1234 970 1272 169
1000 1233 1048 1274 M.
1080 1233 1127 1271 fr.
1161 1234 1235 1283 IV,
1280 1236 1383 1286 quod
1416 1249 1499 1274 cum
1531 1236 1599 1274 illo
1628 1248 1715 1287 per-

241 1317 351 1355 quam
388 1305 642 1355 probabiliter
674 1304 818 1342 Merula
862 1304 1079 1352 coniunxit,
1127 1316 1147 1341 e
1185 1303 1237 1341 Vl
1277 1305 1401 1343 annali
1440 1308 1590 1345 citauit:
1640 1312 1714 1344 tum

240 1376 360 1413 firmat
389 1376 597 1424 rationem,
642 1374 743 1425 quod
774 1376 886 1412 etiam
919 1374 1086 1422 relicua,
1129 1387 1227 1426 quae
1259 1377 1411 1427 quidem
1443 1377 1664 1416 adferuntur
1696 1389 1716 1413 e

240 1452 375 1494 sexto,
410 1446 491 1484 fere
521 1458 588 1484 sua
619 1452 757 1496 sponte
791 1458 833 1483 se
864 1445 951 1484 huic
985 1453 1208 1495 argumento
1243 1448 1545 1487 accommodant.
1595 1448 1715 1486 Porro

240 1516 420 1566 quidquid
454 1516 500 1553 de
529 1521 664 1566 quarto
696 1516 906 1566 quintoque
940 1516 1038 1554 libro
1073 1523 1282 1567 statuetur,
1317 1519 1352 1556 in
1380 1518 1517 1569 quibus
1539 1529 1615 1568 ego
1641 1529 1715 1555 non

242 1598 383 1623 uereor
416 1593 453 1623 ut
477 1587 718 1637 disponendo
748 1587 902 1624 multum
933 1599 952 1624 a
973 1599 1067 1625 uero
1096 1588 1342 1637 deflexerim,
1374 1600 1394 1626 a
1423 1590 1586 1639 septimo
1612 1588 1715 1626 bella

242 1655 380 1694 Punica
402 1657 571 1695 incohari
594 1658 685 1695 satis
704 1663 825 1705 certa,
849 1669 947 1707 quae
965 1658 1061 1695 infra
1089 1658 1310 1709 explicabo,
1334 1658 1471 1697 indicia
1493 1663 1715 1697 monstrant.

355 1727 546 1765 Exorsum
587 1740 675 1765 esse
722 1727 857 1781 librum
903 1728 950 1766 al)
996 1740 1043 1766 eo
1089 1740 1202 1779 quem
1238 1729 1395 1780 primum
1434 1729 1547 1780 posui
1586 1741 1715 1776 uersu,

243 1796 382 1835 Cicero
439 1798 538 1848 apud
591 1798 861 1845 Quintilianum
909 1797 960 1835 vl
1004 1798 1026 1836 3
1047 1828 1057 1846 ,
1114 1797 1165 1837 86
1188 1830 1197 1847 ,
1264 1799 1356 1837 licet
1410 1799 1588 1837 'editores
1642 1808 1718 1835 non

240 1869 424 1917 uiderint,
458 1880 533 1906 non
563 1868 730 1905 obscure
761 1868 994 1917 prodiderat.
1044 1867 1154 1906 Vnde
1187 1869 1360 1906 colorem
1391 1869 1495 1907 duxit
1516 1869 1568 1917 is,
1598 1880 1617 1905 a
1641 1878 1716 1918 quo

242 1938 441 1976 Lucretius
471 1940 636 1988 quintum
666 1938 712 1975 de
747 1944 877 1975 natura
909 1950 1034 1975 rerum
1069 1938 1231 1988 incepit,
1264 1942 1342 1987 quis
1368 1943 1463 1987 polis
1492 1946 1544 1976 esc
1570 1941 1715 1987 (liquam

234 2012 388 2056 pollente?
408 2016 560 2057 pectore
589 2020 737 2045 carmen
761 2010 952 2045 Condere?
984 2007 1042 2046 Cf.
1071 2010 1182 2047 etiam
1200 2008 1394 2046 Ausonius
1412 2008 1509 2049 Mos.
1531 2007 1611 2046 298
1637 2012 1717 2057 quis

232 2083 331 2126 polis
370 2083 579 2117 innumeros
619 2082 805 2126 cultusque
843 2081 1054 2127 habitusque
1099 2088 1271 2118 relexens
1311 2082 1480 2119 Pandere
1523 2083 1716 2116 tectonicas

233 2161 307 2196 per
336 2153 477 2197 singula
504 2153 662 2198 praedia
691 2152 862 2197 formas?
908 2148 1013 2197 Ergo
1046 2149 1133 2187 huic
1166 2149 1262 2187 libro
1295 2150 1493 2200 peculiare
1526 2148 1714 2200 quoddam

241 2219 504 2268 prohoemium
532 2231 605 2257 non
633 2219 773 2267 defuit,
813 2225 850 2255 ut
885 2225 1039 2269 praeter
1066 2220 1224 2270 primum
1251 2221 1438 2270 septimo,
1472 2220 1622 2258 decimo
1653 2230 1713 2265 ac,

241 2289 311 2326 nisi
341 2302 399 2327 me
430 2289 526 2328 fallit
558 2291 807 2337 coniectura,
842 2290 953 2327 etiam
986 2296 1097 2327 sexto
1128 2289 1278 2327 decimo
1312 2296 1349 2327 et
1381 2290 1712 2328 duodeuicesimo.

240 2360 317 2396 Sed
364 2360 420 2397 his
460 2360 565 2397 libris
612 2360 697 2397 (lum
744 2359 894 2397 uindico
938 2360 1156 2407 exordium,
1207 2361 1348 2398 ceteris
1393 2372 1467 2398 non
1513 2360 1711 2398 abiudico:

241 2430 311 2466 nisi
351 2430 452 2479 quod
492 2430 688 2479 indicium,
734 2442 808 2480 quo
849 2430 1023 2467 adiuuem
1057 2430 1332 2480 suspitionem,
1372 2431 1514 2468 nullum
1545 2429 1712 2469 inuenio.

239 2499 270 2537 E
312 2512 499 2538 consessu
541 2501 705 2551 quodam
742 2501 901 2539 deorum
943 2500 1136 2538 residuum
1178 2500 1329 2538 uidetur
1372 2500 1417 2538 sr.
1458 2499 1511 2537 11:
1562 2499 1713 2549 qualem

241 2582 464 2608 consessum
506 2569 663 2608 difficile
709 2576 768 2608 est
811 2570 1004 2618 diuinare,
1055 2571 1114 2607 cui
1154 2572 1315 2608 maxime
1357 2570 1452 2620 parti
1493 2574 1606 2619 poeta
1649 2569 1712 2607 ad-

241 2642 448 2678 miscuerit.
499 2641 562 2677 Sic
598 2641 717 2691 potuit
747 2641 808 2678 uel
838 2642 871 2678 in
895 2641 1017 2678 media
1039 2651 1165 2690 pugna
1189 2639 1313 2689 aliqua
1336 2638 1493 2675 deorum
1518 2637 1711 2685 auxilium,

244 2722 318 2758 quo
349 2711 521 2747 alterutri
555 2713 649 2760 parti
678 2710 829 2747 felicius
859 2716 1032 2747 uerteret
1060 2715 1280 2757 certamen,
1312 2707 1462 2745 ascisci.
1517 2706 1556 2744 ln
1587 2719 1628 2743 re
1661 2707 1712 2743 in-

240 2785 345 2815 certa
367 2780 411 2817 ad
437 2781 660 2830 principium
684 2780 767 2817 libri
793 2792 946 2816 uersum
969 2781 1146 2830 ascripsi,
1170 2790 1281 2828 quem
1301 2777 1499 2816 admodum
1523 2776 1711 2813 Homerus
