<?xml version="1.0" encoding="UTF-8"?>
<!DOCTYPE html PUBLIC "-//W3C//DTD XHTML 1.0 Transitional//EN"
    "http://www.w3.org/TR/xhtml1/DTD/xhtml1-transitional.dtd">
<html xmlns="http://www.w3.org/1999/xhtml" xml:lang="en" lang="en">
 <head>
  <title>
</title>
<meta http-equiv="Content-Type" content="text/html;charset=utf-8" />
  <meta name='ocr-system' content='tesseract 3.04.00' />
  <meta name='ocr-capabilities' content='ocr_page ocr_carea ocr_par ocr_line ocrx_word'/>
</head>
<body>
  <div class='ocr_page' id='page_1' title='image "./poesisreliquiae00enniuoft_0189.png"; bbox 0 0 1762 3057; ppageno 0'>
   <div class='ocr_carea' id='block_1_1' title="bbox 697 218 1597 264">
    <p class='ocr_par' dir='ltr' id='par_1_1' title="bbox 697 218 1597 264">
     <span class='ocr_line' id='line_1_1' title="bbox 697 218 1597 264; baseline 0.001 -6"><span class='ocrx_word' id='word_1_1' title='bbox 697 220 1019 264; x_wconf 84' lang='lat' dir='ltr'>RELIQVIAE</span> <span class='ocrx_word' id='word_1_2' title='bbox 1543 218 1597 260; x_wconf 79' lang='grc'>87</span> 
     </span>
    </p>
   </div>
   <div class='ocr_carea' id='block_1_2' title="bbox 724 331 992 378">
    <p class='ocr_par' dir='ltr' id='par_1_2' title="bbox 724 331 992 378">
     <span class='ocr_line' id='line_1_2' title="bbox 724 331 992 378; baseline -0.007 0"><span class='ocrx_word' id='word_1_3' title='bbox 724 332 951 378; x_wconf 87' lang='lat' dir='ltr'>CXXXIV</span> <span class='ocrx_word' id='word_1_4' title='bbox 973 331 992 353; x_wconf 78' lang='lat'>*</span> 
     </span>
    </p>
   </div>
   <div class='ocr_carea' id='block_1_3' title="bbox 259 400 1436 448">
    <p class='ocr_par' dir='ltr' id='par_1_3' title="bbox 259 400 1436 448">
     <span class='ocr_line' id='line_1_3' title="bbox 259 400 1436 448; baseline -0.002 -2"><span class='ocrx_word' id='word_1_5' title='bbox 259 402 367 446; x_wconf 86' lang='lat' dir='ltr'>Tum</span> <span class='ocrx_word' id='word_1_6' title='bbox 401 403 591 448; x_wconf 80' lang='lat' dir='ltr'>lateralis</span> <span class='ocrx_word' id='word_1_7' title='bbox 623 402 750 447; x_wconf 89' lang='lat' dir='ltr'>dolor</span> <span class='ocrx_word' id='word_1_8' title='bbox 778 401 1047 446; x_wconf 82' lang='lat' dir='ltr'>certissimus</span> <span class='ocrx_word' id='word_1_9' title='bbox 1078 400 1254 445; x_wconf 83' lang='lat' dir='ltr'>nuntius</span> <span class='ocrx_word' id='word_1_10' title='bbox 1286 401 1436 445; x_wconf 83' lang='lat' dir='ltr'>mortis</span> 
     </span>
    </p>
   </div>
   <div class='ocr_carea' id='block_1_4' title="bbox 256 479 1527 608">
    <p class='ocr_par' dir='ltr' id='par_1_4' title="bbox 256 479 1527 608">
     <span class='ocr_line' id='line_1_4' title="bbox 739 479 986 525; baseline -0.012 0"><span class='ocrx_word' id='word_1_11' title='bbox 739 479 947 525; x_wconf 88' lang='lat' dir='ltr'>CXXXV</span> <span class='ocrx_word' id='word_1_12' title='bbox 968 479 986 500; x_wconf 80' lang='lat'>*</span> 
     </span>
     <span class='ocr_line' id='line_1_5' title="bbox 256 547 1527 608; baseline -0.002 -14"><span class='ocrx_word' id='word_1_13' title='bbox 256 549 408 594; x_wconf 81' lang='lat' dir='ltr'>Ferme</span> <span class='ocrx_word' id='word_1_14' title='bbox 440 550 620 595; x_wconf 78' lang='lat' dir='ltr'>aderant</span> <span class='ocrx_word' id='word_1_15' title='bbox 651 549 815 594; x_wconf 78' lang='lat' dir='ltr'>ratibus</span> <span class='ocrx_word' id='word_1_16' title='bbox 847 549 1098 607; x_wconf 79' lang='lat' dir='ltr'>repentibus</span> <span class='ocrx_word' id='word_1_17' title='bbox 1127 562 1318 608; x_wconf 82' lang='lat' dir='ltr'>aequore</span> <span class='ocrx_word' id='word_1_18' title='bbox 1349 548 1391 592; x_wconf 90' lang='lat' dir='ltr'>in</span> <span class='ocrx_word' id='word_1_19' title='bbox 1424 547 1527 592; x_wconf 82' lang='lat' dir='ltr'>alto.</span> 
     </span>
    </p>
   </div>
   <div class='ocr_carea' id='block_1_5' title="bbox 256 626 1121 756">
    <p class='ocr_par' dir='ltr' id='par_1_5' title="bbox 256 626 1121 756">
     <span class='ocr_line' id='line_1_6' title="bbox 722 626 986 672; baseline -0.011 0"><span class='ocrx_word' id='word_1_20' title='bbox 722 626 949 672; x_wconf 88' lang='lat' dir='ltr'>CXXXVI</span> <span class='ocrx_word' id='word_1_21' title='bbox 969 628 986 646; x_wconf 85' lang='lat'>*</span> 
     </span>
     <span class='ocr_line' id='line_1_7' title="bbox 256 695 1121 756; baseline -0.001 -15"><span class='ocrx_word' id='word_1_22' title='bbox 256 696 592 741; x_wconf 79' lang='lat' dir='ltr'>Introducuntur</span> <span class='ocrx_word' id='word_1_23' title='bbox 621 696 755 756; x_wconf 81' lang='lat' dir='ltr'>legati</span> <span class='ocrx_word' id='word_1_24' title='bbox 787 695 1121 740; x_wconf 64' lang='lat' dir='ltr'>Mii‘lturnenses.</span> 
     </span>
    </p>
   </div>
   <div class='ocr_carea' id='block_1_6' title="bbox 257 774 1118 890">
    <p class='ocr_par' dir='ltr' id='par_1_6' title="bbox 257 774 1118 890">
     <span class='ocr_line' id='line_1_8' title="bbox 716 774 1002 820; baseline -0.003 0"><span class='ocrx_word' id='word_1_25' title='bbox 716 774 962 820; x_wconf 90' lang='lat' dir='ltr'>CXXXVII</span> <span class='ocrx_word' id='word_1_26' title='bbox 984 774 1002 794; x_wconf 86' lang='lat'>*</span> 
     </span>
     <span class='ocr_line' id='line_1_9' title="bbox 257 842 1118 890; baseline -0.003 -1"><span class='ocrx_word' id='word_1_27' title='bbox 257 842 341 889; x_wconf 88' lang='lat' dir='ltr'>Olli</span> <span class='ocrx_word' id='word_1_28' title='bbox 373 844 553 890; x_wconf 75' lang='lat' dir='ltr'>crateris</span> <span class='ocrx_word' id='word_1_29' title='bbox 585 859 640 889; x_wconf 82' lang='lat' dir='ltr'>ex</span> <span class='ocrx_word' id='word_1_30' title='bbox 672 843 835 889; x_wconf 85' lang='lat' dir='ltr'>auratis</span> <span class='ocrx_word' id='word_1_31' title='bbox 866 843 1118 888; x_wconf 78' lang='lat' dir='ltr'>hauserunt.</span> 
     </span>
    </p>
   </div>
   <div class='ocr_carea' id='block_1_7' title="bbox 137 922 1307 1050">
    <p class='ocr_par' dir='ltr' id='par_1_7' title="bbox 137 922 1307 1050">
     <span class='ocr_line' id='line_1_10' title="bbox 705 922 1008 968; baseline -0.003 0"><span class='ocrx_word' id='word_1_32' title='bbox 705 922 1008 968; x_wconf 81' lang='lat' dir='ltr'>CXXXVIII*</span> 
     </span>
     <span class='ocr_line' id='line_1_11' title="bbox 137 990 1307 1050; baseline -0.001 -17"><span class='ocrx_word' id='word_1_33' title='bbox 137 995 216 1034; x_wconf 87' lang='grc'>605</span> <span class='ocrx_word' id='word_1_34' title='bbox 253 990 418 1035; x_wconf 87' lang='lat' dir='ltr'>Massili</span> <span class='ocrx_word' id='word_1_35' title='bbox 448 991 679 1050; x_wconf 82' lang='lat' dir='ltr'>portabant</span> <span class='ocrx_word' id='word_1_36' title='bbox 711 992 893 1037; x_wconf 88' lang='lat' dir='ltr'>iuuenes</span> <span class='ocrx_word' id='word_1_37' title='bbox 925 991 979 1035; x_wconf 84' lang='lat' dir='ltr'>ad</span> <span class='ocrx_word' id='word_1_38' title='bbox 1012 991 1138 1036; x_wconf 83' lang='lat' dir='ltr'>litora</span> <span class='ocrx_word' id='word_1_39' title='bbox 1170 993 1307 1034; x_wconf 86' lang='lat' dir='ltr'>tanas.</span> 
     </span>
    </p>
   </div>
   <div class='ocr_carea' id='block_1_8' title="bbox 257 1082 995 1210">
    <p class='ocr_par' dir='ltr' id='par_1_8' title="bbox 257 1082 995 1210">
     <span class='ocr_line' id='line_1_12' title="bbox 752 1082 977 1128; baseline -0.009 0"><span class='ocrx_word' id='word_1_40' title='bbox 752 1082 977 1128; x_wconf 90' lang='lat' dir='ltr'>CXXXIX</span> 
     </span>
     <span class='ocr_line' id='line_1_13' title="bbox 257 1147 995 1210; baseline 0.001 -17"><span class='ocrx_word' id='word_1_41' title='bbox 257 1147 386 1203; x_wconf 77' lang='lat' dir='ltr'>Quod</span> <span class='ocrx_word' id='word_1_42' title='bbox 417 1148 558 1194; x_wconf 87' lang='lat' dir='ltr'>bonus</span> <span class='ocrx_word' id='word_1_43' title='bbox 590 1153 633 1194; x_wconf 86' lang='lat' dir='ltr'>et</span> <span class='ocrx_word' id='word_1_44' title='bbox 663 1150 772 1195; x_wconf 83' lang='lat' dir='ltr'>liber</span> <span class='ocrx_word' id='word_1_45' title='bbox 802 1150 995 1210; x_wconf 84' lang='lat' dir='ltr'>populus</span> 
     </span>
    </p>
   </div>
   <div class='ocr_carea' id='block_1_9' title="bbox 118 1301 1601 2404">
    <p class='ocr_par' dir='ltr' id='par_1_9' title="bbox 118 1301 1601 2404">
     <span class='ocr_line' id='line_1_14' title="bbox 119 1301 1598 1349; baseline -0.003 -13"><span class='ocrx_word' id='word_1_46' title='bbox 119 1314 148 1336; x_wconf 88' lang='lat' dir='ltr'>e.</span> <span class='ocrx_word' id='word_1_47' title='bbox 178 1315 210 1345; x_wconf 90' lang='lat' dir='ltr'>q.</span> <span class='ocrx_word' id='word_1_48' title='bbox 238 1315 265 1339; x_wconf 88' lang='lat' dir='ltr'>S.</span> <span class='ocrx_word' id='word_1_49' title='bbox 296 1308 376 1348; x_wconf 83' lang='lat' dir='ltr'>‘pro</span> <span class='ocrx_word' id='word_1_50' title='bbox 402 1306 574 1347; x_wconf 83' lang='lat' dir='ltr'>spoliant.’</span> <span class='ocrx_word' id='word_1_51' title='bbox 625 1307 806 1349; x_wconf 81' lang='lat' dir='ltr'>Pompeius</span> <span class='ocrx_word' id='word_1_52' title='bbox 831 1306 953 1337; x_wconf 81' lang='lat' dir='ltr'>Donati</span> <span class='ocrx_word' id='word_1_53' title='bbox 987 1310 1164 1337; x_wconf 80' lang='lat' dir='ltr'>comment.</span> <span class='ocrx_word' id='word_1_54' title='bbox 1191 1314 1226 1344; x_wconf 91' lang='lat' dir='ltr'>p.</span> <span class='ocrx_word' id='word_1_55' title='bbox 1252 1302 1320 1335; x_wconf 76' lang='lat'>435</span> <span class='ocrx_word' id='word_1_56' title='bbox 1344 1302 1442 1333; x_wconf 82' lang='lat' dir='ltr'>Lind.</span> <span class='ocrx_word' id='word_1_57' title='bbox 1470 1301 1598 1333; x_wconf 80' lang='lat' dir='ltr'>‘soloe-</span> 
     </span>
     <span class='ocr_line' id='line_1_15' title="bbox 118 1347 1598 1395; baseline -0.003 -13"><span class='ocrx_word' id='word_1_58' title='bbox 118 1351 243 1384; x_wconf 86' lang='lat' dir='ltr'>cismus</span> <span class='ocrx_word' id='word_1_59' title='bbox 358 1352 561 1393; x_wconf 80' lang='lat' dir='ltr'>spoliantur&#39;</span> <span class='ocrx_word' id='word_1_60' title='bbox 591 1363 620 1384; x_wconf 88' lang='lat' dir='ltr'>e.</span> <span class='ocrx_word' id='word_1_61' title='bbox 644 1363 676 1392; x_wconf 90' lang='lat' dir='ltr'>q.</span> <span class='ocrx_word' id='word_1_62' title='bbox 700 1364 727 1384; x_wconf 87' lang='grc'>5.</span> <span class='ocrx_word' id='word_1_63' title='bbox 770 1356 848 1395; x_wconf 85' lang='lat' dir='ltr'>‘pro</span> <span class='ocrx_word' id='word_1_64' title='bbox 878 1362 916 1384; x_wconf 77' lang='lat' dir='ltr'>eo</span> <span class='ocrx_word' id='word_1_65' title='bbox 940 1352 1031 1392; x_wconf 89' lang='lat' dir='ltr'>quod</span> <span class='ocrx_word' id='word_1_66' title='bbox 1050 1357 1098 1382; x_wconf 83' lang='lat' dir='ltr'>est</span> <span class='ocrx_word' id='word_1_67' title='bbox 1115 1349 1285 1392; x_wconf 81' lang='lat' dir='ltr'>spoliant.&#39;</span> <span class='ocrx_word' id='word_1_68' title='bbox 1327 1349 1433 1380; x_wconf 85' lang='lat' dir='ltr'>Ennio</span> <span class='ocrx_word' id='word_1_69' title='bbox 1460 1347 1598 1379; x_wconf 78' lang='lat' dir='ltr'>ascribit</span> 
     </span>
     <span class='ocr_line' id='line_1_16' title="bbox 120 1392 1598 1440; baseline -0.003 -12"><span class='ocrx_word' id='word_1_70' title='bbox 120 1396 281 1429; x_wconf 80' lang='lat' dir='ltr'>Columna</span> <span class='ocrx_word' id='word_1_71' title='bbox 376 1397 549 1429; x_wconf 81' lang='lat' dir='ltr'>CXXXIV</span> <span class='ocrx_word' id='word_1_72' title='bbox 575 1398 744 1430; x_wconf 80' lang='lat' dir='ltr'>Maximus</span> <span class='ocrx_word' id='word_1_73' title='bbox 769 1399 963 1431; x_wconf 66' lang='lat' dir='ltr'>Victorinus</span> <span class='ocrx_word' id='word_1_74' title='bbox 996 1409 1029 1440; x_wconf 91' lang='lat' dir='ltr'>p.</span> <span class='ocrx_word' id='word_1_75' title='bbox 1058 1395 1146 1428; x_wconf 84' lang='grc'>1963</span> <span class='ocrx_word' id='word_1_76' title='bbox 1173 1396 1208 1427; x_wconf 88' lang='lat' dir='ltr'>P.</span> <span class='ocrx_word' id='word_1_77' title='bbox 1236 1394 1321 1436; x_wconf 76' lang='lat'>(293</span> <span class='ocrx_word' id='word_1_78' title='bbox 1348 1392 1468 1435; x_wconf 85' lang='lat' dir='ltr'>Lind.)</span> <span class='ocrx_word' id='word_1_79' title='bbox 1516 1394 1598 1425; x_wconf 85' lang='lat' dir='ltr'>‘En-</span> 
     </span>
     <span class='ocr_line' id='line_1_17' title="bbox 119 1439 1598 1487; baseline -0.002 -14"><span class='ocrx_word' id='word_1_80' title='bbox 119 1443 195 1475; x_wconf 89' lang='lat' dir='ltr'>nius</span> <span class='ocrx_word' id='word_1_81' title='bbox 216 1454 347 1484; x_wconf 83' lang='lat' dir='ltr'>quoque</span> <span class='ocrx_word' id='word_1_82' title='bbox 366 1445 429 1475; x_wconf 86' lang='lat' dir='ltr'>ait:</span> <span class='ocrx_word' id='word_1_83' title='bbox 456 1446 526 1475; x_wconf 85' lang='lat' dir='ltr'>uita</span> <span class='ocrx_word' id='word_1_84' title='bbox 546 1444 604 1476; x_wconf 83' lang='lat' dir='ltr'>illa</span> <span class='ocrx_word' id='word_1_85' title='bbox 624 1445 747 1487; x_wconf 83' lang='lat' dir='ltr'>dignus</span> <span class='ocrx_word' id='word_1_86' title='bbox 768 1445 925 1485; x_wconf 81' lang='lat' dir='ltr'>locoque,</span> <span class='ocrx_word' id='word_1_87' title='bbox 954 1445 1051 1484; x_wconf 88' lang='lat' dir='ltr'>quasi</span> <span class='ocrx_word' id='word_1_88' title='bbox 1073 1443 1178 1484; x_wconf 78' lang='lat' dir='ltr'>dignu</span> <span class='ocrx_word' id='word_1_89' title='bbox 1196 1442 1336 1482; x_wconf 81' lang='lat' dir='ltr'>locoque</span> <span class='ocrx_word' id='word_1_90' title='bbox 1361 1441 1496 1473; x_wconf 80' lang='lat' dir='ltr'>dixerit.</span> <span class='ocrx_word' id='word_1_91' title='bbox 1545 1439 1598 1471; x_wconf 89' lang='lat' dir='ltr'>Si-</span> 
     </span>
     <span class='ocr_line' id='line_1_18' title="bbox 119 1487 1598 1532; baseline -0.003 -12"><span class='ocrx_word' id='word_1_92' title='bbox 119 1489 242 1521; x_wconf 93' lang='lat' dir='ltr'>militer</span> <span class='ocrx_word' id='word_1_93' title='bbox 259 1489 410 1522; x_wconf 78' lang='lat' dir='ltr'>Lucilius</span> <span class='ocrx_word' id='word_1_94' title='bbox 431 1491 491 1521; x_wconf 86' lang='lat' dir='ltr'>ait:</span> <span class='ocrx_word' id='word_1_95' title='bbox 519 1498 587 1522; x_wconf 89' lang='lat' dir='ltr'>tum</span> <span class='ocrx_word' id='word_1_96' title='bbox 606 1490 769 1522; x_wconf 83' lang='lat' dir='ltr'>lateralis&#39;</span> <span class='ocrx_word' id='word_1_97' title='bbox 790 1503 819 1524; x_wconf 84' lang='lat' dir='ltr'>c.</span> <span class='ocrx_word' id='word_1_98' title='bbox 840 1502 871 1531; x_wconf 90' lang='lat' dir='ltr'>q.</span> <span class='ocrx_word' id='word_1_99' title='bbox 899 1502 924 1522; x_wconf 91' lang='lat' dir='ltr'>s.</span> <span class='ocrx_word' id='word_1_100' title='bbox 955 1498 1034 1532; x_wconf 77' lang='lat' dir='ltr'>*pro</span> <span class='ocrx_word' id='word_1_101' title='bbox 1060 1496 1128 1520; x_wconf 84' lang='lat' dir='ltr'>tum</span> <span class='ocrx_word' id='word_1_102' title='bbox 1145 1488 1275 1519; x_wconf 80' lang='lat' dir='ltr'>laterali</span> <span class='ocrx_word' id='word_1_103' title='bbox 1296 1488 1392 1519; x_wconf 89' lang='lat' dir='ltr'>dolor</span> <span class='ocrx_word' id='word_1_104' title='bbox 1410 1487 1598 1518; x_wconf 78' lang='lat' dir='ltr'>certissimu</span> 
     </span>
     <span class='ocr_line' id='line_1_19' title="bbox 119 1533 1598 1577; baseline -0.001 -12"><span class='ocrx_word' id='word_1_105' title='bbox 119 1537 237 1567; x_wconf 83' lang='lat' dir='ltr'>nuntiu</span> <span class='ocrx_word' id='word_1_106' title='bbox 264 1537 405 1570; x_wconf 83' lang='lat' dir='ltr'>mortis.’</span> <span class='ocrx_word' id='word_1_107' title='bbox 456 1537 555 1568; x_wconf 86' lang='lat' dir='ltr'>Ennii</span> <span class='ocrx_word' id='word_1_108' title='bbox 578 1537 767 1577; x_wconf 73' lang='lat' dir='ltr'>Luciliique</span> <span class='ocrx_word' id='word_1_109' title='bbox 794 1538 929 1568; x_wconf 81' lang='lat' dir='ltr'>nomina</span> <span class='ocrx_word' id='word_1_110' title='bbox 955 1538 1040 1567; x_wconf 80' lang='lat' dir='ltr'>iuter</span> <span class='ocrx_word' id='word_1_111' title='bbox 1065 1546 1100 1566; x_wconf 82' lang='lat' dir='ltr'>se</span> <span class='ocrx_word' id='word_1_112' title='bbox 1125 1540 1313 1577; x_wconf 84' lang='lat' dir='ltr'>permutata</span> <span class='ocrx_word' id='word_1_113' title='bbox 1344 1544 1419 1566; x_wconf 86' lang='lat' dir='ltr'>esse</span> <span class='ocrx_word' id='word_1_114' title='bbox 1445 1533 1598 1574; x_wconf 78' lang='lat' dir='ltr'>suspica-</span> 
     </span>
     <span class='ocr_line' id='line_1_20' title="bbox 118 1578 1508 1625; baseline -0.001 -13"><span class='ocrx_word' id='word_1_115' title='bbox 118 1588 171 1613; x_wconf 82' lang='lat' dir='ltr'>tur</span> <span class='ocrx_word' id='word_1_116' title='bbox 202 1583 233 1616; x_wconf 86' lang='lat' dir='ltr'>J.</span> <span class='ocrx_word' id='word_1_117' title='bbox 263 1582 431 1614; x_wconf 82' lang='lat' dir='ltr'>Beckerus</span> <span class='ocrx_word' id='word_1_118' title='bbox 463 1582 605 1625; x_wconf 89' lang='lat' dir='ltr'>Ephem.</span> <span class='ocrx_word' id='word_1_119' title='bbox 640 1583 743 1614; x_wconf 80' lang='lat' dir='ltr'>Marb.</span> <span class='ocrx_word' id='word_1_120' title='bbox 779 1582 866 1615; x_wconf 74' lang='lat'>1849</span> <span class='ocrx_word' id='word_1_121' title='bbox 898 1593 930 1624; x_wconf 94' lang='lat' dir='ltr'>p.</span> <span class='ocrx_word' id='word_1_122' title='bbox 964 1581 1029 1613; x_wconf 79' lang='lat'>329</span> <span class='ocrx_word' id='word_1_123' title='bbox 1063 1582 1106 1612; x_wconf 72' lang='lat' dir='ltr'>cf.</span> <span class='ocrx_word' id='word_1_124' title='bbox 1140 1580 1220 1612; x_wconf 87' lang='lat' dir='ltr'>ibid.</span> <span class='ocrx_word' id='word_1_125' title='bbox 1256 1580 1347 1612; x_wconf 71' lang='lat' dir='ltr'>184ss</span> <span class='ocrx_word' id='word_1_126' title='bbox 1380 1590 1414 1621; x_wconf 88' lang='lat' dir='ltr'>p.</span> <span class='ocrx_word' id='word_1_127' title='bbox 1439 1578 1508 1610; x_wconf 72' lang='lat'>946</span> 
     </span>
     <span class='ocr_line' id='line_1_21' title="bbox 121 1626 1599 1666; baseline -0.004 -6"><span class='ocrx_word' id='word_1_128' title='bbox 121 1627 277 1660; x_wconf 73' lang='lat' dir='ltr'>CXXXV</span> <span class='ocrx_word' id='word_1_129' title='bbox 309 1629 417 1660; x_wconf 85' lang='lat' dir='ltr'>Varro</span> <span class='ocrx_word' id='word_1_130' title='bbox 450 1629 491 1660; x_wconf 87' lang='lat' dir='ltr'>‹Ic</span> <span class='ocrx_word' id='word_1_131' title='bbox 521 1629 557 1661; x_wconf 88' lang='lat' dir='ltr'>L.</span> <span class='ocrx_word' id='word_1_132' title='bbox 590 1629 628 1660; x_wconf 88' lang='lat' dir='ltr'>L.</span> <span class='ocrx_word' id='word_1_133' title='bbox 662 1629 722 1660; x_wconf 74' lang='lat' dir='ltr'>vll</span> <span class='ocrx_word' id='word_1_134' title='bbox 756 1628 799 1660; x_wconf 81' lang='lat'>23</span> <span class='ocrx_word' id='word_1_135' title='bbox 835 1628 986 1660; x_wconf 76' lang='lat' dir='ltr'>*ferme</span> <span class='ocrx_word' id='word_1_136' title='bbox 1020 1627 1212 1658; x_wconf 74' lang='lat' dir='ltr'>aderant&#39;</span> <span class='ocrx_word' id='word_1_137' title='bbox 1245 1638 1273 1659; x_wconf 79' lang='lat' dir='ltr'>e.</span> <span class='ocrx_word' id='word_1_138' title='bbox 1300 1638 1331 1666; x_wconf 88' lang='lat' dir='ltr'>q.</span> <span class='ocrx_word' id='word_1_139' title='bbox 1361 1638 1390 1659; x_wconf 93' lang='grc'>5.</span> <span class='ocrx_word' id='word_1_140' title='bbox 1423 1626 1599 1664; x_wconf 79' lang='lat' dir='ltr'>‘aequor</span> 
     </span>
     <span class='ocr_line' id='line_1_22' title="bbox 118 1671 1598 1716; baseline -0.003 -11"><span class='ocrx_word' id='word_1_141' title='bbox 118 1685 211 1706; x_wconf 87' lang='lat' dir='ltr'>mare</span> <span class='ocrx_word' id='word_1_142' title='bbox 228 1674 435 1716; x_wconf 83' lang='lat' dir='ltr'>appellatum</span> <span class='ocrx_word' id='word_1_143' title='bbox 455 1701 460 1706; x_wconf 95' lang='lat'>.</span> <span class='ocrx_word' id='word_1_144' title='bbox 480 1702 486 1708; x_wconf 92' lang='lat'>.</span> <span class='ocrx_word' id='word_1_145' title='bbox 505 1701 511 1707; x_wconf 92' lang='lat'>.</span> <span class='ocrx_word' id='word_1_146' title='bbox 531 1680 591 1705; x_wconf 89' lang='lat' dir='ltr'>rat</span> <span class='ocrx_word' id='word_1_147' title='bbox 604 1675 636 1706; x_wconf 87' lang='lat' dir='ltr'>is</span> <span class='ocrx_word' id='word_1_148' title='bbox 660 1675 757 1706; x_wconf 82' lang='lat' dir='ltr'>nauis</span> <span class='ocrx_word' id='word_1_149' title='bbox 778 1675 896 1716; x_wconf 78' lang='lat' dir='ltr'>longas</span> <span class='ocrx_word' id='word_1_150' title='bbox 917 1674 1026 1706; x_wconf 59' lang='lat' dir='ltr'>dixit!</span> <span class='ocrx_word' id='word_1_151' title='bbox 1065 1673 1163 1704; x_wconf 90' lang='lat' dir='ltr'>Ennii</span> <span class='ocrx_word' id='word_1_152' title='bbox 1185 1672 1326 1703; x_wconf 86' lang='lat' dir='ltr'>heroum</span> <span class='ocrx_word' id='word_1_153' title='bbox 1348 1682 1423 1702; x_wconf 84' lang='lat' dir='ltr'>esse</span> <span class='ocrx_word' id='word_1_154' title='bbox 1442 1671 1598 1712; x_wconf 82' lang='lat' dir='ltr'>opinatus</span> 
     </span>
     <span class='ocr_line' id='line_1_23' title="bbox 120 1715 1599 1762; baseline -0.003 -11"><span class='ocrx_word' id='word_1_155' title='bbox 120 1727 170 1752; x_wconf 85' lang='lat' dir='ltr'>est</span> <span class='ocrx_word' id='word_1_156' title='bbox 194 1719 231 1750; x_wconf 90' lang='lat' dir='ltr'>H.</span> <span class='ocrx_word' id='word_1_157' title='bbox 259 1721 424 1762; x_wconf 82' lang='lat' dir='ltr'>llbcrgius</span> <span class='ocrx_word' id='word_1_158' title='bbox 534 1720 704 1753; x_wconf 83' lang='lat' dir='ltr'>CXXXVI</span> <span class='ocrx_word' id='word_1_159' title='bbox 743 1721 911 1752; x_wconf 79' lang='lat' dir='ltr'>Maximus</span> <span class='ocrx_word' id='word_1_160' title='bbox 937 1720 1130 1752; x_wconf 58' lang='lat' dir='ltr'>Victorinus</span> <span class='ocrx_word' id='word_1_161' title='bbox 1156 1718 1197 1749; x_wconf 81' lang='lat' dir='ltr'>de</span> <span class='ocrx_word' id='word_1_162' title='bbox 1222 1728 1324 1751; x_wconf 84' lang='lat' dir='ltr'>carm.</span> <span class='ocrx_word' id='word_1_163' title='bbox 1352 1717 1421 1748; x_wconf 86' lang='lat' dir='ltr'>her.</span> <span class='ocrx_word' id='word_1_164' title='bbox 1445 1727 1478 1758; x_wconf 95' lang='lat' dir='ltr'>p.</span> <span class='ocrx_word' id='word_1_165' title='bbox 1513 1715 1599 1748; x_wconf 82' lang='lat'>1959</span> 
     </span>
     <span class='ocr_line' id='line_1_24' title="bbox 118 1761 1598 1808; baseline -0.003 -10"><span class='ocrx_word' id='word_1_166' title='bbox 118 1767 154 1798; x_wconf 92' lang='lat' dir='ltr'>P.</span> <span class='ocrx_word' id='word_1_167' title='bbox 184 1765 408 1808; x_wconf 73' lang='lat' dir='ltr'>(289Lim1.)</span> <span class='ocrx_word' id='word_1_168' title='bbox 438 1767 747 1808; x_wconf 78' lang='lat' dir='ltr'>‘spondiazon‚</span> <span class='ocrx_word' id='word_1_169' title='bbox 774 1773 809 1797; x_wconf 89' lang='lat' dir='ltr'>ut</span> <span class='ocrx_word' id='word_1_170' title='bbox 829 1773 895 1798; x_wconf 73' lang='lat' dir='ltr'>est:</span> <span class='ocrx_word' id='word_1_171' title='bbox 925 1764 1195 1797; x_wconf 74' lang='lat' dir='ltr'>introducuntur&#39;</span> <span class='ocrx_word' id='word_1_172' title='bbox 1224 1774 1252 1795; x_wconf 87' lang='lat' dir='ltr'>e.</span> <span class='ocrx_word' id='word_1_173' title='bbox 1277 1774 1307 1803; x_wconf 92' lang='lat' dir='ltr'>q.</span> <span class='ocrx_word' id='word_1_174' title='bbox 1329 1775 1354 1795; x_wconf 86' lang='lat' dir='ltr'>s.</span> <span class='ocrx_word' id='word_1_175' title='bbox 1397 1761 1598 1794; x_wconf 81' lang='lat' dir='ltr'>Aldlielmus</span> 
     </span>
     <span class='ocr_line' id='line_1_25' title="bbox 120 1810 1596 1855; baseline -0.004 -12"><span class='ocrx_word' id='word_1_176' title='bbox 120 1813 161 1843; x_wconf 78' lang='lat' dir='ltr'>de</span> <span class='ocrx_word' id='word_1_177' title='bbox 186 1823 221 1843; x_wconf 76' lang='lat' dir='ltr'>re</span> <span class='ocrx_word' id='word_1_178' title='bbox 244 1823 295 1855; x_wconf 80' lang='lat' dir='ltr'>gr.</span> <span class='ocrx_word' id='word_1_179' title='bbox 324 1818 354 1844; x_wconf 84' lang='lat' dir='ltr'>et</span> <span class='ocrx_word' id='word_1_180' title='bbox 376 1818 471 1845; x_wconf 83' lang='lat' dir='ltr'>metr.</span> <span class='ocrx_word' id='word_1_181' title='bbox 509 1815 567 1854; x_wconf 66' lang='lat' dir='ltr'>(A.</span> <span class='ocrx_word' id='word_1_182' title='bbox 600 1813 663 1844; x_wconf 70' lang='lat' dir='ltr'>Mai</span> <span class='ocrx_word' id='word_1_183' title='bbox 697 1819 784 1844; x_wconf 80' lang='lat' dir='ltr'>auct.</span> <span class='ocrx_word' id='word_1_184' title='bbox 812 1812 912 1845; x_wconf 75' lang='lat' dir='ltr'>class.</span> <span class='ocrx_word' id='word_1_185' title='bbox 947 1814 975 1844; x_wconf 86' lang='lat' dir='ltr'>V</span> <span class='ocrx_word' id='word_1_186' title='bbox 1004 1811 1088 1853; x_wconf 66' lang='lat'>524)</span> <span class='ocrx_word' id='word_1_187' title='bbox 1121 1810 1411 1852; x_wconf 76' lang='lat' dir='ltr'>‘spondiazon</span> <span class='ocrx_word' id='word_1_188' title='bbox 1446 1813 1596 1845; x_wconf 80' lang='lat' dir='ltr'>uocatur,</span> 
     </span>
     <span class='ocr_line' id='line_1_26' title="bbox 118 1855 1553 1900; baseline -0.003 -11"><span class='ocrx_word' id='word_1_189' title='bbox 118 1864 153 1889; x_wconf 92' lang='lat' dir='ltr'>ut</span> <span class='ocrx_word' id='word_1_190' title='bbox 181 1864 246 1891; x_wconf 82' lang='lat' dir='ltr'>est:</span> <span class='ocrx_word' id='word_1_191' title='bbox 274 1858 322 1889; x_wconf 88' lang='lat' dir='ltr'>hii</span> <span class='ocrx_word' id='word_1_192' title='bbox 347 1859 593 1900; x_wconf 79' lang='lat' dir='ltr'>producuntur’</span> <span class='ocrx_word' id='word_1_193' title='bbox 621 1870 647 1890; x_wconf 87' lang='lat' dir='ltr'>e.</span> <span class='ocrx_word' id='word_1_194' title='bbox 671 1870 703 1899; x_wconf 84' lang='lat' dir='ltr'>q.</span> <span class='ocrx_word' id='word_1_195' title='bbox 729 1870 756 1890; x_wconf 92' lang='grc'>5.</span> <span class='ocrx_word' id='word_1_196' title='bbox 800 1859 908 1890; x_wconf 87' lang='lat' dir='ltr'>Ennio</span> <span class='ocrx_word' id='word_1_197' title='bbox 931 1858 1117 1889; x_wconf 82' lang='lat' dir='ltr'>tribuerunt</span> <span class='ocrx_word' id='word_1_198' title='bbox 1141 1857 1286 1888; x_wconf 73' lang='lat' dir='ltr'>editores</span> <span class='ocrx_word' id='word_1_199' title='bbox 1306 1861 1341 1886; x_wconf 85' lang='lat' dir='ltr'>ut</span> <span class='ocrx_word' id='word_1_200' title='bbox 1359 1855 1553 1897; x_wconf 89' lang='lat' dir='ltr'>proximum</span> 
     </span>
     <span class='ocr_line' id='line_1_27' title="bbox 166 1899 1598 1947; baseline -0.003 -11"><span class='ocrx_word' id='word_1_201' title='bbox 166 1904 351 1937; x_wconf 87' lang='lat' dir='ltr'>CXXXVII</span> <span class='ocrx_word' id='word_1_202' title='bbox 378 1904 582 1946; x_wconf 78' lang='lat' dir='ltr'>Censorinus</span> <span class='ocrx_word' id='word_1_203' title='bbox 608 1904 729 1947; x_wconf 81' lang='lat' dir='ltr'><strong>fragm.</strong></span> <span class='ocrx_word' id='word_1_204' title='bbox 757 1916 784 1937; x_wconf 87' lang='lat' dir='ltr'>c.</span> <span class='ocrx_word' id='word_1_205' title='bbox 814 1905 856 1937; x_wconf 76' lang='lat'>15</span> <span class='ocrx_word' id='word_1_206' title='bbox 881 1915 917 1947; x_wconf 91' lang='lat' dir='ltr'>p.</span> <span class='ocrx_word' id='word_1_207' title='bbox 945 1904 990 1936; x_wconf 79' lang='lat'>98</span> <span class='ocrx_word' id='word_1_208' title='bbox 1015 1903 1115 1936; x_wconf 84' lang='lat' dir='ltr'>Jahn.</span> <span class='ocrx_word' id='word_1_209' title='bbox 1142 1902 1245 1942; x_wconf 79' lang='lat'>(2727</span> <span class='ocrx_word' id='word_1_210' title='bbox 1272 1900 1329 1942; x_wconf 92' lang='lat' dir='ltr'>P.)</span> <span class='ocrx_word' id='word_1_211' title='bbox 1357 1899 1598 1941; x_wconf 70' lang='lat' dir='ltr'>‘duodeeasyl—</span> 
     </span>
     <span class='ocr_line' id='line_1_28' title="bbox 120 1946 1596 1992; baseline -0.001 -11"><span class='ocrx_word' id='word_1_212' title='bbox 120 1950 215 1983; x_wconf 83' lang='lat' dir='ltr'>labos</span> <span class='ocrx_word' id='word_1_213' title='bbox 234 1951 461 1992; x_wconf 83' lang='lat' dir='ltr'>spondiazon:</span> <span class='ocrx_word' id='word_1_214' title='bbox 483 1951 558 1982; x_wconf 85' lang='lat' dir='ltr'>olli&#39;</span> <span class='ocrx_word' id='word_1_215' title='bbox 579 1962 609 1982; x_wconf 86' lang='lat' dir='ltr'>e.</span> <span class='ocrx_word' id='word_1_216' title='bbox 631 1962 662 1991; x_wconf 86' lang='lat' dir='ltr'>q.</span> <span class='ocrx_word' id='word_1_217' title='bbox 687 1962 715 1985; x_wconf 83' lang='lat' dir='ltr'>s,</span> <span class='ocrx_word' id='word_1_218' title='bbox 812 1950 1016 1982; x_wconf 85' lang='lat' dir='ltr'>CXXXVIII</span> <span class='ocrx_word' id='word_1_219' title='bbox 1033 1950 1184 1980; x_wconf 80' lang='lat' dir='ltr'>Donatus</span> <span class='ocrx_word' id='word_1_220' title='bbox 1204 1948 1243 1979; x_wconf 86' lang='lat' dir='ltr'>de</span> <span class='ocrx_word' id='word_1_221' title='bbox 1267 1948 1374 1989; x_wconf 88' lang='lat' dir='ltr'>tropis</span> <span class='ocrx_word' id='word_1_222' title='bbox 1394 1958 1428 1989; x_wconf 91' lang='lat' dir='ltr'>p.</span> <span class='ocrx_word' id='word_1_223' title='bbox 1452 1946 1539 1979; x_wconf 81' lang='lat'><strong>1777</strong></span> <span class='ocrx_word' id='word_1_224' title='bbox 1560 1947 1596 1979; x_wconf 90' lang='lat' dir='ltr'>P.</span> 
     </span>
     <span class='ocr_line' id='line_1_29' title="bbox 119 1992 1599 2040; baseline -0.005 -11"><span class='ocrx_word' id='word_1_225' title='bbox 119 1996 179 2037; x_wconf 82' lang='lat'>(35</span> <span class='ocrx_word' id='word_1_226' title='bbox 196 1996 312 2038; x_wconf 84' lang='lat' dir='ltr'>Lind.)</span> <span class='ocrx_word' id='word_1_227' title='bbox 341 1995 491 2038; x_wconf 60' lang='grc' dir='ltr'>ίτμκῆσις</span> <span class='ocrx_word' id='word_1_228' title='bbox 577 2002 629 2028; x_wconf 91' lang='lat' dir='ltr'>ut:</span> <span class='ocrx_word' id='word_1_229' title='bbox 659 2002 788 2040; x_wconf 85' lang='lat' dir='ltr'>septem</span> <span class='ocrx_word' id='word_1_230' title='bbox 815 1996 967 2028; x_wconf 84' lang='lat' dir='ltr'>subiecta</span> <span class='ocrx_word' id='word_1_231' title='bbox 992 1996 1092 2027; x_wconf 86' lang='lat' dir='ltr'>trioni</span> <span class='ocrx_word' id='word_1_232' title='bbox 1184 1999 1232 2025; x_wconf 84' lang='lat' dir='ltr'>et:</span> <span class='ocrx_word' id='word_1_233' title='bbox 1261 2003 1344 2026; x_wconf 80' lang='lat' dir='ltr'>saxo</span> <span class='ocrx_word' id='word_1_234' title='bbox 1365 2003 1439 2024; x_wconf 82' lang='lat' dir='ltr'>cere</span> <span class='ocrx_word' id='word_1_235' title='bbox 1460 1992 1599 2023; x_wconf 81' lang='lat' dir='ltr'>commi-</span> 
     </span>
     <span class='ocr_line' id='line_1_30' title="bbox 119 2038 1597 2084; baseline -0.003 -11"><span class='ocrx_word' id='word_1_236' title='bbox 119 2044 191 2074; x_wconf 86' lang='lat' dir='ltr'>nuit</span> <span class='ocrx_word' id='word_1_237' title='bbox 216 2043 324 2074; x_wconf 88' lang='lat' dir='ltr'>brum.</span> <span class='ocrx_word' id='word_1_238' title='bbox 353 2050 400 2075; x_wconf 87' lang='lat' dir='ltr'>et:</span> <span class='ocrx_word' id='word_1_239' title='bbox 429 2043 574 2075; x_wconf 86' lang='lat' dir='ltr'>Massili&#39;</span> <span class='ocrx_word' id='word_1_240' title='bbox 602 2056 630 2075; x_wconf 77' lang='lat' dir='ltr'>c.</span> <span class='ocrx_word' id='word_1_241' title='bbox 660 2055 690 2084; x_wconf 88' lang='lat' dir='ltr'>q.</span> <span class='ocrx_word' id='word_1_242' title='bbox 712 2054 740 2076; x_wconf 87' lang='lat' dir='ltr'>s.</span> <span class='ocrx_word' id='word_1_243' title='bbox 791 2043 973 2084; x_wconf 85' lang='lat' dir='ltr'>Pompeius</span> <span class='ocrx_word' id='word_1_244' title='bbox 999 2042 1119 2073; x_wconf 85' lang='lat' dir='ltr'>Donati</span> <span class='ocrx_word' id='word_1_245' title='bbox 1145 2044 1322 2072; x_wconf 83' lang='lat' dir='ltr'>comment.</span> <span class='ocrx_word' id='word_1_246' title='bbox 1354 2049 1389 2080; x_wconf 90' lang='lat' dir='ltr'>p.</span> <span class='ocrx_word' id='word_1_247' title='bbox 1407 2039 1476 2070; x_wconf 80' lang='lat'>475</span> <span class='ocrx_word' id='word_1_248' title='bbox 1498 2038 1597 2069; x_wconf 83' lang='lat' dir='ltr'>Lind.</span> 
     </span>
     <span class='ocr_line' id='line_1_31' title="bbox 120 2084 1599 2131; baseline -0.005 -10"><span class='ocrx_word' id='word_1_249' title='bbox 120 2089 339 2131; x_wconf 82' lang='lat' dir='ltr'>‘plerumque</span> <span class='ocrx_word' id='word_1_250' title='bbox 361 2100 422 2131; x_wconf 85' lang='lat' dir='ltr'>per</span> <span class='ocrx_word' id='word_1_251' title='bbox 446 2089 550 2120; x_wconf 85' lang='lat' dir='ltr'>uerba</span> <span class='ocrx_word' id='word_1_252' title='bbox 575 2089 722 2131; x_wconf 80' lang='lat' dir='ltr'>plurima</span> <span class='ocrx_word' id='word_1_253' title='bbox 742 2089 956 2131; x_wconf 85' lang='lat' dir='ltr'>interposita’</span> <span class='ocrx_word' id='word_1_254' title='bbox 985 2088 1033 2128; x_wconf 84' lang='lat' dir='ltr'>(fit</span> <span class='ocrx_word' id='word_1_255' title='bbox 1053 2086 1187 2128; x_wconf 81' lang='lat' dir='ltr'>tmesis)</span> <span class='ocrx_word' id='word_1_256' title='bbox 1216 2087 1264 2119; x_wconf 88' lang='lat' dir='ltr'>‘si</span> <span class='ocrx_word' id='word_1_257' title='bbox 1285 2086 1379 2117; x_wconf 81' lang='lat' dir='ltr'>dicas</span> <span class='ocrx_word' id='word_1_258' title='bbox 1401 2085 1482 2116; x_wconf 86' lang='lat' dir='ltr'>hoc:</span> <span class='ocrx_word' id='word_1_259' title='bbox 1510 2084 1599 2115; x_wconf 84' lang='lat' dir='ltr'>Mas-</span> 
     </span>
     <span class='ocr_line' id='line_1_32' title="bbox 121 2130 1601 2177; baseline -0.004 -11"><span class='ocrx_word' id='word_1_260' title='bbox 121 2135 193 2166; x_wconf 88' lang='lat' dir='ltr'>sili&#39;</span> <span class='ocrx_word' id='word_1_261' title='bbox 213 2146 242 2167; x_wconf 88' lang='lat' dir='ltr'>e.</span> <span class='ocrx_word' id='word_1_262' title='bbox 267 2146 298 2175; x_wconf 94' lang='lat' dir='ltr'>q.</span> <span class='ocrx_word' id='word_1_263' title='bbox 319 2146 347 2169; x_wconf 81' lang='lat' dir='ltr'>s.</span> <span class='ocrx_word' id='word_1_264' title='bbox 378 2136 433 2167; x_wconf 90' lang='lat' dir='ltr'>‘id</span> <span class='ocrx_word' id='word_1_265' title='bbox 459 2140 508 2166; x_wconf 82' lang='lat' dir='ltr'>est</span> <span class='ocrx_word' id='word_1_266' title='bbox 526 2135 754 2167; x_wconf 78' lang='lat' dir='ltr'>Massilitanas</span> <span class='ocrx_word' id='word_1_267' title='bbox 777 2135 917 2177; x_wconf 80' lang='lat' dir='ltr'>lagonas</span> <span class='ocrx_word' id='word_1_268' title='bbox 935 2134 1111 2176; x_wconf 85' lang='lat' dir='ltr'>portabant</span> <span class='ocrx_word' id='word_1_269' title='bbox 1130 2136 1269 2164; x_wconf 85' lang='lat' dir='ltr'>iuuenes</span> <span class='ocrx_word' id='word_1_270' title='bbox 1289 2131 1332 2163; x_wconf 85' lang='lat' dir='ltr'>ad</span> <span class='ocrx_word' id='word_1_271' title='bbox 1358 2131 1480 2162; x_wconf 82' lang='lat' dir='ltr'>littora.</span> <span class='ocrx_word' id='word_1_272' title='bbox 1507 2130 1601 2161; x_wconf 79' lang='lat' dir='ltr'>aliud</span> 
     </span>
     <span class='ocr_line' id='line_1_33' title="bbox 120 2176 1600 2221; baseline -0.005 -9"><span class='ocrx_word' id='word_1_273' title='bbox 120 2181 239 2212; x_wconf 82' lang='lat' dir='ltr'>etiam:</span> <span class='ocrx_word' id='word_1_274' title='bbox 266 2191 350 2213; x_wconf 81' lang='lat' dir='ltr'>saxo</span> <span class='ocrx_word' id='word_1_275' title='bbox 375 2181 549 2213; x_wconf 84' lang='lat' dir='ltr'>cerebrum</span> <span class='ocrx_word' id='word_1_276' title='bbox 576 2180 648 2212; x_wconf 87' lang='lat' dir='ltr'>eius</span> <span class='ocrx_word' id='word_1_277' title='bbox 673 2182 879 2213; x_wconf 83' lang='lat' dir='ltr'>comminuit.</span> <span class='ocrx_word' id='word_1_278' title='bbox 905 2181 966 2212; x_wconf 84' lang='lat' dir='ltr'>sed</span> <span class='ocrx_word' id='word_1_279' title='bbox 995 2190 1059 2211; x_wconf 91' lang='lat' dir='ltr'>non</span> <span class='ocrx_word' id='word_1_280' title='bbox 1087 2180 1195 2221; x_wconf 84' lang='lat' dir='ltr'>potuit</span> <span class='ocrx_word' id='word_1_281' title='bbox 1221 2179 1270 2210; x_wconf 83' lang='lat' dir='ltr'>sic</span> <span class='ocrx_word' id='word_1_282' title='bbox 1300 2183 1388 2209; x_wconf 83' lang='lat' dir='ltr'>stare</span> <span class='ocrx_word' id='word_1_283' title='bbox 1415 2187 1455 2208; x_wconf 84' lang='lat' dir='ltr'>ex</span> <span class='ocrx_word' id='word_1_284' title='bbox 1483 2176 1600 2209; x_wconf 78' lang='lat' dir='ltr'>ordine</span> 
     </span>
     <span class='ocr_line' id='line_1_34' title="bbox 121 2221 1600 2269; baseline -0.005 -11"><span class='ocrx_word' id='word_1_285' title='bbox 121 2227 354 2268; x_wconf 82' lang='lat' dir='ltr'>compositus.’</span> <span class='ocrx_word' id='word_1_286' title='bbox 392 2226 664 2269; x_wconf 83' lang='lat' dir='ltr'>(composuit</span> <span class='ocrx_word' id='word_1_287' title='bbox 695 2226 814 2268; x_wconf 87' lang='lat' dir='ltr'>Liud.)</span> <span class='ocrx_word' id='word_1_288' title='bbox 850 2228 956 2258; x_wconf 87' lang='lat' dir='ltr'>Ennio</span> <span class='ocrx_word' id='word_1_289' title='bbox 988 2226 1137 2257; x_wconf 85' lang='lat' dir='ltr'>attribuit</span> <span class='ocrx_word' id='word_1_290' title='bbox 1170 2224 1352 2261; x_wconf 85' lang='lat' dir='ltr'>Columna,</span> <span class='ocrx_word' id='word_1_291' title='bbox 1393 2221 1600 2253; x_wconf 82' lang='lat' dir='ltr'>abiudieauit</span> 
     </span>
     <span class='ocr_line' id='line_1_35' title="bbox 122 2267 1597 2313; baseline -0.003 -9"><span class='ocrx_word' id='word_1_292' title='bbox 122 2274 163 2306; x_wconf 82' lang='lat' dir='ltr'>A.</span> <span class='ocrx_word' id='word_1_293' title='bbox 179 2273 327 2304; x_wconf 86' lang='lat' dir='ltr'>Kochius</span> <span class='ocrx_word' id='word_1_294' title='bbox 346 2273 463 2304; x_wconf 83' lang='lat' dir='ltr'>Exere.</span> <span class='ocrx_word' id='word_1_295' title='bbox 484 2273 556 2305; x_wconf 88' lang='lat' dir='ltr'>crit.</span> <span class='ocrx_word' id='word_1_296' title='bbox 579 2282 611 2313; x_wconf 91' lang='lat' dir='ltr'>p.</span> <span class='ocrx_word' id='word_1_297' title='bbox 635 2274 654 2304; x_wconf 77' lang='lat'>2</span> <span class='ocrx_word' id='word_1_298' title='bbox 751 2272 926 2304; x_wconf 84' lang='lat' dir='ltr'>CXXXIX</span> <span class='ocrx_word' id='word_1_299' title='bbox 941 2272 1090 2304; x_wconf 85' lang='lat' dir='ltr'>Lexieon</span> <span class='ocrx_word' id='word_1_300' title='bbox 1108 2272 1241 2303; x_wconf 79' lang='lat' dir='ltr'>Terent.</span> <span class='ocrx_word' id='word_1_301' title='bbox 1261 2280 1280 2300; x_wconf 88' lang='lat' dir='ltr'>a</span> <span class='ocrx_word' id='word_1_302' title='bbox 1298 2269 1332 2300; x_wconf 91' lang='lat' dir='ltr'>C.</span> <span class='ocrx_word' id='word_1_303' title='bbox 1353 2268 1489 2300; x_wconf 85' lang='lat' dir='ltr'>Barthio</span> <span class='ocrx_word' id='word_1_304' title='bbox 1507 2267 1597 2299; x_wconf 82' lang='lat' dir='ltr'>Adu.</span> 
     </span>
     <span class='ocr_line' id='line_1_36' title="bbox 120 2312 1598 2360; baseline -0.005 -10"><span class='ocrx_word' id='word_1_305' title='bbox 120 2318 299 2351; x_wconf 87' lang='lat' dir='ltr'>XXXVIII</span> <span class='ocrx_word' id='word_1_306' title='bbox 326 2318 366 2351; x_wconf 83' lang='lat'>15</span> <span class='ocrx_word' id='word_1_307' title='bbox 401 2321 462 2351; x_wconf 83' lang='lat' dir='ltr'>‘ex</span> <span class='ocrx_word' id='word_1_308' title='bbox 488 2319 613 2359; x_wconf 89' lang='lat' dir='ltr'>optimo</span> <span class='ocrx_word' id='word_1_309' title='bbox 636 2319 762 2360; x_wconf 72' lang='lat' dir='ltr'>nispto&#39;</span> <span class='ocrx_word' id='word_1_310' title='bbox 797 2318 877 2350; x_wconf 85' lang='lat' dir='ltr'>edit.</span> <span class='ocrx_word' id='word_1_311' title='bbox 929 2319 1128 2350; x_wconf 85' lang='lat' dir='ltr'>‘Terentius</span> <span class='ocrx_word' id='word_1_312' title='bbox 1162 2315 1344 2358; x_wconf 82' lang='lat' dir='ltr'>Adelphis:</span> <span class='ocrx_word' id='word_1_313' title='bbox 1385 2324 1491 2354; x_wconf 75' lang='lat' dir='ltr'>neque</span> <span class='ocrx_word' id='word_1_314' title='bbox 1520 2312 1598 2344; x_wconf 91' lang='lat' dir='ltr'>boni</span> 
     </span>
     <span class='ocr_line' id='line_1_37' title="bbox 121 2361 1597 2404; baseline -0.005 -8"><span class='ocrx_word' id='word_1_315' title='bbox 121 2364 271 2397; x_wconf 73' lang='lat' dir='ltr'>officium</span> <span class='ocrx_word' id='word_1_316' title='bbox 288 2364 421 2397; x_wconf 76' lang='lat' dir='ltr'>functus</span> <span class='ocrx_word' id='word_1_317' title='bbox 445 2375 500 2402; x_wconf 84' lang='lat' dir='ltr'>es,</span> <span class='ocrx_word' id='word_1_318' title='bbox 521 2374 630 2404; x_wconf 88' lang='lat' dir='ltr'>neque</span> <span class='ocrx_word' id='word_1_319' title='bbox 647 2364 797 2397; x_wconf 84' lang='lat' dir='ltr'>liberalis</span> <span class='ocrx_word' id='word_1_320' title='bbox 813 2366 889 2396; x_wconf 90' lang='lat' dir='ltr'>uiri.</span> <span class='ocrx_word' id='word_1_321' title='bbox 919 2365 1048 2396; x_wconf 86' lang='lat' dir='ltr'>Ennius</span> <span class='ocrx_word' id='word_1_322' title='bbox 1075 2364 1120 2396; x_wconf 89' lang='lat' dir='ltr'>iu.</span> <span class='ocrx_word' id='word_1_323' title='bbox 1140 2372 1178 2394; x_wconf 86' lang='lat' dir='ltr'>eo</span> <span class='ocrx_word' id='word_1_324' title='bbox 1207 2362 1296 2402; x_wconf 83' lang='lat' dir='ltr'>quod</span> <span class='ocrx_word' id='word_1_325' title='bbox 1312 2361 1438 2393; x_wconf 86' lang='lat' dir='ltr'>bonus’</span> <span class='ocrx_word' id='word_1_326' title='bbox 1465 2370 1494 2391; x_wconf 85' lang='lat' dir='ltr'>e.</span> <span class='ocrx_word' id='word_1_327' title='bbox 1515 2370 1547 2399; x_wconf 93' lang='lat' dir='ltr'>q.</span> <span class='ocrx_word' id='word_1_328' title='bbox 1569 2369 1597 2390; x_wconf 82' lang='lat' dir='ltr'>s.</span> 
     </span>
    </p>
   </div>
   <div class='ocr_carea' id='block_1_10' title="bbox 123 2497 1601 2827">
    <p class='ocr_par' dir='ltr' id='par_1_10' title="bbox 123 2497 1601 2827">
     <span class='ocr_line' id='line_1_38' title="bbox 179 2497 1599 2549; baseline -0.008 -7"><span class='ocrx_word' id='word_1_329' title='bbox 179 2507 247 2543; x_wconf 83' lang='lat'>602</span> <span class='ocrx_word' id='word_1_330' title='bbox 267 2504 406 2539; x_wconf 83' lang='lat' dir='ltr'>ratibus</span> <span class='ocrx_word' id='word_1_331' title='bbox 428 2503 640 2549; x_wconf 81' lang='lat' dir='ltr'>repentibus</span> <span class='ocrx_word' id='word_1_332' title='bbox 662 2511 822 2547; x_wconf 83' lang='lat' dir='ltr'>aequore</span> <span class='ocrx_word' id='word_1_333' title='bbox 844 2501 879 2534; x_wconf 87' lang='lat' dir='ltr'>in</span> <span class='ocrx_word' id='word_1_334' title='bbox 900 2501 972 2534; x_wconf 90' lang='lat' dir='ltr'>alto</span> <span class='ocrx_word' id='word_1_335' title='bbox 994 2501 1043 2536; x_wconf 86' lang='lat' dir='ltr'>H.</span> <span class='ocrx_word' id='word_1_336' title='bbox 1066 2500 1258 2545; x_wconf 68' lang='lat' dir='ltr'>Ilberyius.</span> <span class='ocrx_word' id='word_1_337' title='bbox 1283 2508 1444 2544; x_wconf 79' lang='lat' dir='ltr'>aequore</span> <span class='ocrx_word' id='word_1_338' title='bbox 1470 2497 1505 2531; x_wconf 90' lang='lat' dir='ltr'>in</span> <span class='ocrx_word' id='word_1_339' title='bbox 1527 2497 1599 2532; x_wconf 85' lang='lat' dir='ltr'>alto</span> 
     </span>
     <span class='ocr_line' id='line_1_39' title="bbox 123 2553 1601 2605; baseline -0.005 -10"><span class='ocrx_word' id='word_1_340' title='bbox 123 2562 263 2596; x_wconf 87' lang='lat' dir='ltr'>ratibus</span> <span class='ocrx_word' id='word_1_341' title='bbox 284 2559 497 2605; x_wconf 84' lang='lat' dir='ltr'>repentibus</span> <span class='ocrx_word' id='word_1_342' title='bbox 519 2558 605 2592; x_wconf 79' lang='lat' dir='ltr'>libri</span> <span class='ocrx_word' id='word_1_343' title='bbox 716 2560 784 2594; x_wconf 88' lang='lat'>603</span> <span class='ocrx_word' id='word_1_344' title='bbox 810 2555 1091 2591; x_wconf 81' lang='lat' dir='ltr'>introducuntur</span> <span class='ocrx_word' id='word_1_345' title='bbox 1111 2556 1206 2590; x_wconf 79' lang='lat' dir='ltr'>Par.</span> <span class='ocrx_word' id='word_1_346' title='bbox 1230 2554 1413 2590; x_wconf 77' lang='lat' dir='ltr'>Victorini.</span> <span class='ocrx_word' id='word_1_347' title='bbox 1439 2553 1491 2588; x_wconf 87' lang='lat' dir='ltr'>hii</span> <span class='ocrx_word' id='word_1_348' title='bbox 1517 2564 1601 2598; x_wconf 90' lang='lat' dir='ltr'>pro-</span> 
     </span>
     <span class='ocr_line' id='line_1_40' title="bbox 125 2609 1601 2652; baseline -0.006 0"><span class='ocrx_word' id='word_1_349' title='bbox 125 2616 308 2652; x_wconf 83' lang='lat' dir='ltr'>ducuntur</span> <span class='ocrx_word' id='word_1_350' title='bbox 330 2615 551 2651; x_wconf 73' lang='lat' dir='ltr'>Alclleelmus.</span> <span class='ocrx_word' id='word_1_351' title='bbox 582 2613 754 2648; x_wconf 82' lang='lat' dir='ltr'>fortitudo</span> <span class='ocrx_word' id='word_1_352' title='bbox 778 2612 960 2647; x_wconf 84' lang='lat' dir='ltr'>ducuntur</span> <span class='ocrx_word' id='word_1_353' title='bbox 987 2611 1090 2647; x_wconf 74' lang='lat' dir='ltr'>Goth.</span> <span class='ocrx_word' id='word_1_354' title='bbox 1122 2611 1305 2646; x_wconf 80' lang='lat' dir='ltr'>Victorini.</span> <span class='ocrx_word' id='word_1_355' title='bbox 1328 2611 1440 2644; x_wconf 86' lang='lat' dir='ltr'>sortes</span> <span class='ocrx_word' id='word_1_356' title='bbox 1462 2609 1601 2644; x_wconf 86' lang='lat' dir='ltr'>ducun-</span> 
     </span>
     <span class='ocr_line' id='line_1_41' title="bbox 126 2665 1601 2716; baseline -0.005 -9"><span class='ocrx_word' id='word_1_357' title='bbox 126 2677 181 2707; x_wconf 86' lang='lat' dir='ltr'>tur</span> <span class='ocrx_word' id='word_1_358' title='bbox 205 2672 477 2707; x_wconf 78' lang='lat' dir='ltr'>Lindemcmnzcs</span> <span class='ocrx_word' id='word_1_359' title='bbox 592 2670 703 2716; x_wconf 82' lang='lat' dir='ltr'>legati</span> <span class='ocrx_word' id='word_1_360' title='bbox 719 2669 994 2703; x_wconf 82' lang='lat' dir='ltr'>Minturnenses</span> <span class='ocrx_word' id='word_1_361' title='bbox 1014 2667 1235 2702; x_wconf 79' lang='lat' dir='ltr'>Aldhelmus.</span> <span class='ocrx_word' id='word_1_362' title='bbox 1255 2665 1357 2702; x_wconf 77' lang='lat' dir='ltr'>Goth.</span> <span class='ocrx_word' id='word_1_363' title='bbox 1390 2665 1478 2701; x_wconf 81' lang='lat' dir='ltr'>Vict.</span> <span class='ocrx_word' id='word_1_364' title='bbox 1498 2665 1601 2711; x_wconf 80' lang='lat' dir='ltr'>ligati</span> 
     </span>
     <span class='ocr_line' id='line_1_42' title="bbox 125 2722 1601 2763; baseline -0.005 0"><span class='ocrx_word' id='word_1_365' title='bbox 125 2729 362 2763; x_wconf 82' lang='lat' dir='ltr'>inturnenses</span> <span class='ocrx_word' id='word_1_366' title='bbox 396 2728 488 2763; x_wconf 82' lang='lat' dir='ltr'>Par.</span> <span class='ocrx_word' id='word_1_367' title='bbox 526 2725 703 2761; x_wconf 78' lang='lat' dir='ltr'>Victorini</span> <span class='ocrx_word' id='word_1_368' title='bbox 843 2727 913 2762; x_wconf 77' lang='lat'>604</span> <span class='ocrx_word' id='word_1_369' title='bbox 947 2724 1100 2759; x_wconf 81' lang='lat' dir='ltr'>crateris</span> <span class='ocrx_word' id='word_1_370' title='bbox 1139 2723 1360 2758; x_wconf 80' lang='lat' dir='ltr'>Nzcnnesius.</span> <span class='ocrx_word' id='word_1_371' title='bbox 1397 2722 1601 2757; x_wconf 82' lang='lat' dir='ltr'>crateribus</span> 
     </span>
     <span class='ocr_line' id='line_1_43' title="bbox 126 2776 1600 2827; baseline -0.007 -6"><span class='ocrx_word' id='word_1_372' title='bbox 126 2784 288 2821; x_wconf 81' lang='lat' dir='ltr'>Darmst.</span> <span class='ocrx_word' id='word_1_373' title='bbox 331 2784 410 2820; x_wconf 81' lang='lat' dir='ltr'>Vat.</span> <span class='ocrx_word' id='word_1_374' title='bbox 438 2782 522 2827; x_wconf 83' lang='lat' dir='ltr'>(sed</span> <span class='ocrx_word' id='word_1_375' title='bbox 540 2783 576 2817; x_wconf 88' lang='lat' dir='ltr'>in</span> <span class='ocrx_word' id='word_1_376' title='bbox 596 2782 656 2817; x_wconf 80' lang='lat' dir='ltr'>illo</span> <span class='ocrx_word' id='word_1_377' title='bbox 677 2781 738 2816; x_wconf 92' lang='lat' dir='ltr'>olli</span> <span class='ocrx_word' id='word_1_378' title='bbox 760 2781 963 2816; x_wconf 80' lang='lat' dir='ltr'>crateribus</span> <span class='ocrx_word' id='word_1_379' title='bbox 985 2781 1022 2815; x_wconf 88' lang='lat' dir='ltr'>in</span> <span class='ocrx_word' id='word_1_380' title='bbox 1043 2780 1199 2822; x_wconf 80' lang='lat' dir='ltr'>rasura)</span> <span class='ocrx_word' id='word_1_381' title='bbox 1316 2782 1493 2814; x_wconf 83' lang='lat' dir='ltr'>auserunt</span> <span class='ocrx_word' id='word_1_382' title='bbox 1520 2776 1600 2813; x_wconf 80' lang='lat' dir='ltr'>Vat.</span> 
     </span>
    </p>
   </div>
  </div>
 </body>
</html>
