1762 3057
181 185 260 227 170
768 186 1067 222 EVHEMERI

179 304 245 345 set
278 316 404 361 quam
434 300 670 353 Saturium,
710 298 868 342 idcirco
895 300 935 342 et
961 298 1076 357 quod
1108 298 1283 342 uidebat
1312 302 1491 343 matrem
1525 302 1653 359 atque

180 385 357 414 sorores
390 383 492 413 suas
522 382 699 426 operam
729 367 832 410 dare
856 369 901 410 ut
925 366 1140 410 Saturnus
1170 370 1399 426 regnaret,
1438 368 1655 411 concessit

105 441 153 478 10
181 439 217 482 ei
253 442 297 481 ut
332 438 367 481 is
401 440 615 494 regnaret.
682 435 830 494 ltaque
862 438 1015 493 pactus
1044 439 1110 479 est
1146 449 1242 479 cum
1272 436 1486 490 Saturno,
1522 436 1583 479 uti
1619 435 1653 479 si

181 507 282 566 quid
323 505 503 548 liberum
538 503 675 547 uirilis
715 518 850 547 sexus
889 503 925 547 ei
967 506 1113 547 uatum
1150 506 1290 557 esset,
1338 520 1390 547 ne
1436 504 1652 548 educaret.

180 575 224 618 ld
255 575 348 617 eius
389 572 445 615 rei
483 586 618 616 causa
647 572 767 625 fecit,
806 571 865 615 uti
897 572 947 615 ad
987 586 1093 615 suos
1131 574 1291 630 gnatos
1320 587 1504 631 regnum
1534 572 1655 616 redi—

182 645 256 686 ret.
312 642 419 684 Tum
451 640 640 684 Saturno
667 640 783 683 filius
813 639 883 699 qui
913 639 1077 697 primus
1112 642 1240 684 natus
1266 643 1352 695 est,
1392 655 1489 685 eum
1520 655 1655 684 neca-

181 713 348 753 uerunt.
400 709 563 752 Deinde
596 708 815 766 posterius
844 708 927 751 nati
958 711 1059 752 sunt
1085 708 1269 766 gemini,
1309 709 1500 767 Iuppiter
1525 710 1654 767 atque

106 783 151 820 15
179 779 297 822 Iuno.
354 778 461 820 Tum
493 777 699 820 Iunonem
725 776 913 820 Saturno
947 777 986 819 in
1020 779 1301 834 conspectum
1337 777 1495 821 dedere
1525 782 1654 836 atque

179 847 326 890 Iouem
357 845 465 889 clam
502 845 774 889 abscondunt
813 845 1002 904 dantque
1039 859 1136 888 eum
1165 845 1330 889 Vestae
1369 845 1652 898 educandum,

179 915 371 959 celantes
415 913 664 957 Saturnum.
734 913 838 956 Item
882 914 1129 971 Neptunum
1179 913 1288 957 clam
1332 913 1521 958 Saturno
1562 912 1655 971 Ops

180 983 310 1041 parit,
358 997 545 1041 eumque
577 982 819 1025 clanculum
858 981 1097 1025 abscondit.
1166 982 1236 1025 Ad
1264 983 1449 1027 eundem
1478 982 1655 1026 modum

179 1051 305 1095 tertio
354 1053 479 1108 partu
521 1048 613 1108 Ops
661 1050 771 1108 parit
822 1049 1023 1109 geminos
1069 1050 1297 1094 Plutonem
1345 1054 1386 1095 et
1432 1050 1653 1095 Glaucam.

100 1122 151 1160 20
178 1120 306 1163 Pluto
333 1119 484 1163 Latine
516 1122 582 1162 est
610 1118 686 1162 Dis
717 1121 862 1176 pater:
903 1118 973 1162 alii
998 1116 1158 1162 Orcum
1191 1122 1360 1162 uocant.
1426 1119 1484 1163 Ibi
1514 1118 1655 1163 Glau-

178 1203 271 1232 cam
311 1187 443 1231 filiam
476 1187 665 1231 Saturno
706 1187 959 1240 ostendunt,
1005 1189 1048 1230 at
1081 1186 1216 1230 filium
1248 1187 1478 1231 Plutonem
1515 1187 1656 1231 celant

177 1260 307 1315 atque
339 1255 624 1299 abscondunt.
679 1254 843 1298 Deinde
874 1255 1038 1299 Glauca
1075 1270 1211 1313 parua
1250 1256 1469 1300 emoritur.
1537 1255 1656 1299 Haec

177 1328 223 1368 ut
251 1324 412 1382 scripta
443 1330 543 1367 sunt
571 1323 687 1367 Iouis
720 1324 988 1382 fratrumque
1029 1324 1122 1367 eius
1155 1323 1286 1381 stirps
1318 1326 1447 1383 atque
1481 1338 1655 1383 cogna-

176 1393 235 1437 tio
264 1393 305 1436 in
335 1392 448 1436 hunc
477 1392 653 1436 modum
686 1392 811 1435 nobis
840 1407 894 1435 ex
922 1406 1047 1435 sacra
1074 1391 1308 1449 scriptione
1338 1392 1492 1436 tradita
1520 1395 1598 1436 est.

886 1490 947 1534 IV

99 1583 151 1621 25
316 1577 481 1621 Deinde
518 1578 641 1621 Titan
678 1579 907 1636 postquam
950 1576 1124 1620 resciuit
1163 1576 1352 1621 Saturno
1392 1578 1506 1622 filios
1546 1594 1655 1636 pro-

179 1648 348 1689 creatos
391 1648 520 1704 atque
569 1646 779 1689 educatos
817 1660 916 1689 esse
959 1645 1089 1699 clam,
1138 1645 1306 1689 seducit
1352 1660 1499 1689 secum
1540 1647 1654 1691 filios

178 1728 285 1756 suos
317 1713 387 1772 qui
411 1714 549 1757 Titani
580 1717 814 1768 uocantur,
853 1714 1117 1772 fratremque
1150 1728 1277 1757 suum
1310 1714 1543 1758 Saturnum
1583 1717 1654 1759 at-

177 1796 260 1840 que
289 1782 425 1839 Opem
456 1782 782 1840 comprehendit
812 1796 977 1841 eosque
1006 1796 1129 1825 muro
1153 1782 1407 1841 circumegit
1432 1786 1473 1826 et
1499 1786 1655 1827 custo-

176 1850 286 1893 diam
320 1850 386 1893 his
413 1851 603 1908 apponit.

316 2004 558 2048 Columella.
583 2004 640 2046 IX
667 2010 690 2046 2
731 2008 830 2046 ‘nec
865 2018 970 2046 sanc
1007 2002 1167 2045 rustico
1199 2002 1378 2061 dignum
1407 2005 1472 2045 est
1499 2003 1655 2046 scisci-

179 2071 278 2125 tari,
337 2072 519 2115 fueritne
571 2071 724 2114 mulier
774 2070 1060 2128 pulcherrima
1111 2071 1256 2128 specie
1305 2071 1481 2114 Melissa
1525 2086 1653 2129 quam

182 2140 368 2198 iuppiter
405 2140 444 2182 in
487 2154 609 2197 apem
649 2139 861 2182 conuertit
903 2154 956 2181 an
1002 2141 1047 2182 ut
1088 2138 1428 2182 Euhcmerus
1469 2140 1653 2196 po'e'ta’

176 2285 185 2313 l
207 2294 234 2312 c.
253 2282 289 2313 l—'l
315 2284 323 2297 ‘
336 2292 421 2312 nunc
440 2282 598 2321 quoniam
619 2282 659 2312 ab
675 2281 727 2311 liis
749 2291 832 2320 quat¹
850 2280 1036 2311 rettulimus
1056 2280 1297 2320 aliquantulum
1322 2291 1414 2311 saera
1430 2280 1570 2312 historia
1586 2282 1654 2313 (lis—

178 2329 296 2361 sentit.
325 2328 516 2368 aperiamus
543 2338 581 2359 ea
606 2338 689 2367 quae
718 2328 805 2357 ueris
835 2327 953 2357 litteris
985 2328 1214 2359 continentur.
1242 2337 1282 2357 nc
1308 2328 1482 2367 poetarum
1510 2328 1653 2369 ineptias

179 2377 209 2405 in
245 2374 445 2405 accusandis
475 2374 697 2415 religionibus
724 2374 818 2412 sequi
849 2384 885 2403 av
908 2373 1050 2414 probaro
1079 2373 1265 2403 uideamur.
1310 2372 1397 2403 Haec
1428 2373 1525 2403 Ennii
1551 2374 1654 2404 uerba

178 2426 270 2451 sunt:
311 2421 406 2451 exin
541 2420 703 2450 tradita
736 2425 808 2450 cst.
868 2420 948 2449 Item
980 2419 1081 2460 paulo
1111 2424 1186 2460 post
1214 2418 1296 2449 haec
1325 2418 1440 2449 infert:
1480 2419 1652 2450 deinde'

179 2480 206 2496 υ.
229 2478 259 2506 q.
284 2478 310 2497 5
360 2467 490 2496 Verba:
518 2465 618 2497 ‘hacc
638 2471 670 2495 nt
693 2466 818 2506 scripta
836 2465 930 2495 sunt'
961 2476 989 2496 e..
1014 2476 1044 2505 q.
1068 2476 1094 2495 s.
1126 2475 1166 2495 ne
1196 2465 1270 2504 quis
1291 2464 1455 2495 Lactantii
1485 2475 1557 2496 csse
1577 2475 1653 2495 ecn-

179 2593 381 2647 ἅριστος
501 2601 546 2634 20
582 2597 750 2642 Dispater
784 2598 869 2642 aliq.
908 2597 990 2631 libri
1018 2596 1127 2632 Isacz'.
1169 2597 1347 2642 diispatcr
1383 2598 1458 2631 siue
1499 2596 1652 2641 dispiter

179 2657 242 2689 alii
260 2655 442 2701 Lenylelii.
466 2653 644 2698 diespiter
665 2654 766 2688 mulli
784 2653 866 2687 libri
887 2658 919 2687 vl
931 2654 1133 2698 pleraeque
1152 2654 1233 2687 edd.
1275 2653 1329 2698 Cf.
1358 2652 1478 2687 Varro
1493 2653 1537 2686 (lc
1553 2652 1595 2686 L.
1609 2653 1650 2686 L.

190 2711 218 2744 t*
245 2715 289 2748 66
318 2711 370 2744 M.
494 2713 535 2745 21
569 2720 611 2743 ac
643 2710 749 2754 mllsso
873 2712 918 2746 28
951 2720 1053 2742 muro
1084 2709 1299 2753 circumegit
1321 2709 1489 2753 plerique
1511 2708 1593 2742 libri
1620 2712 1654 2743 et

179 2767 257 2799 mlael.
283 2776 417 2799 omines,
442 2776 567 2799 muros
590 2765 805 2809 circumegit
825 2765 895 2799 «luo
921 2764 1011 2809 Res).
1037 2775 1188 2809 quorum
1209 2765 1301 2798 aller
1321 2767 1373 2797 es!
1394 2765 1651 2798 w‘lusle'ssimus
