1762 3057
626 190 629 193 »
666 171 986 215 RELloviAE
1510 165 1565 206 67

795 282 848 327 ΙΙΙ

106 367 187 406 445
226 359 416 418 Iuppiter
438 359 506 403 hic
530 358 623 403 risit
653 363 1021 420 tempestatesque
1047 374 1229 404 serenae

228 428 434 473 Riserunt
459 444 612 472 omnes
638 428 727 472 risu
759 429 875 473 Iouis
904 429 1227 487 omnipotentis.

792 529 854 573 IV

231 607 313 651 lain
343 612 438 652 cata
464 607 594 666 signa
622 608 712 652 fere
741 608 931 652 sonitum
957 608 1060 653 dare
1088 623 1198 652 uoce
1228 607 1449 666 parabant.

810 708 851 751 V

227 787 338 831 Exin
369 803 446 846 per
476 791 614 832 terras
646 788 879 847 postquam
912 785 1206 829 celerissimus
1240 798 1387 828 rumor

801 884 860 928 VI

228 1000 237 1009 .
311 1000 319 1009 .
395 1001 403 1009 .
478 1000 486 1009 .
560 1000 568 1008 .
806 978 883 1008 rex
912 962 1067 1007 deinde
1096 962 1253 1006 citatus

109 1040 190 1077 450
229 1032 445 1077 Conuellit
473 1048 573 1077 sese

785 1120 865 1164 VII

644 1200 780 1258 replet
807 1202 849 1244 te
879 1197 1108 1242 laetificum
1138 1211 1241 1255 gau.

779 1298 879 1342 VIII

227 1379 285 1422 At
319 1378 421 1422 tuba
452 1378 626 1423 terribili
657 1375 802 1420 sonitu
830 1376 1097 1419 taratantara
1125 1373 1245 1417 dixit.

801 1477 860 1521 IX

395 1558 437 1598 et
469 1554 638 1599 Tiberis
670 1558 831 1600 flumen
866 1556 999 1600 uomit
1032 1555 1072 1598 in
1104 1567 1223 1597 mare
1256 1553 1434 1597 salsum.

93 1689 230 1720 ‘tertiae
255 1697 334 1719 uero
365 1697 531 1729 personae
559 1689 793 1730 poss‹·ssiuum
822 1690 883 1719 etsi
912 1693 1063 1719 naturam
1094 1687 1212 1723 habet,
1240 1692 1275 1716 ut
1296 1695 1358 1727 per
1384 1686 1577 1717 uocantium

92 1735 201 1777 possit
222 1734 289 1766 dici
387 1744 567 1775 possumus
590 1736 678 1766 enlm
699 1736 799 1766 etium
821 1736 863 1766 ad
891 1735 1036 1765 alienum
1059 1733 1311 1775 possessionen]
1334 1731 1482 1773 dirigere
1507 1742 1577 1762 ser-

95 1791 245 1819 monem,
274 1786 326 1811 ut:
355 1781 392 1811 o’
421 1792 449 1811 c.
474 1791 505 1820 q.
529 1791 555 1811 s.
598 1784 698 1811 ‘usus
728 1788 837 1812 tamen
868 1780 1003 1811 deficit)
1051 1779 1171 1822 (Deest
1201 1779 1233 1809 in
1256 1777 1423 1809 Halberst.
1452 1777 1577 1819 Sang.)

94 1828 199 1859 Ennio
230 1827 388 1868 ascripsit
415 1827 578 1859 Columna
675 1828 719 1858 III
748 1828 886 1858 Seruius
914 1827 947 1857 in
967 1828 1052 1858 Aen.
1074 1827 1086 1856 Ι
1109 1826 1176 1857 254
1207 1823 1424 1856 ‘subridensz
1453 1823 1577 1855 laetum

92 1873 238 1905 ostendit
270 1874 382 1904 Iouem
416 1879 445 1904 et
476 1873 578 1904 talem
614 1873 723 1912 qualis
758 1884 832 1904 esse
867 1873 951 1904 solet
984 1882 1059 1903 cnm
1089 1872 1171 1903 facit
1202 1880 1358 1902 serenum
1512 1869 1578 1901 En-

93 1921 168 1951 nius
189 1920 250 1950 ...’
349 1920 393 1950 lx·
423 1920 527 1950 Yarro
558 1919 598 1950 de
624 1919 661 1950 L.
691 1919 728 1951 L.
760 1920 820 1950 VII
849 1919 893 1951 46
918 1919 962 1950 Μ.
993 1918 1102 1960 ‘apud
1123 1918 1285 1949 Ennium:
1314 1917 1398 1947 iam’
1427 1928 1455 1947 e.
1487 1926 1518 1956 q.
1547 1926 1575 1946 s.

95 1970 230 2003 ίεειιει,
259 1966 379 1996 acuta.'
476 1966 502 1995 V
529 1965 722 1996 Priscianus
744 1966 806 1996 VII
828 1976 862 2007 p.
883 1965 950 1997 760
972 1966 1006 1996 Ρ.
1037 1965 1069 2006 (Ι
1090 1974 1124 2006 p.
1147 1962 1213 1995 329
1234 1961 1294 2003 K.)
1326 1961 1578 1993 ‘celerissi-

22 2046 28 2048 ,
93 2022 182 2043 mus
203 2021 264 2054 pro
283 2011 478 2043 celerrimus
496 2011 741 2053 superlatiuum
763 2012 971 2054 protulerunt
1065 2010 1192 2041 Ennius
1212 2010 1246 2040 in
1264 2008 1443 2040 annalibus
1463 2032 1470 2039 .
1486 2032 1492 2039 .
1510 2009 1530 2038 .'

138 2058 186 2089 VI
212 2058 350 2089 Seruius
378 2058 410 2088 in
431 2058 515 2089 Aen.
539 2057 586 2088 XI
609 2058 649 2089 19
678 2057 824 2089 ‘uellere
849 2059 947 2100 signa
974 2075 1017 2080 —
1047 2056 1106 2088 alii
1131 2055 1299 2087 uellere
1327 2064 1462 2086 mouere
1490 2054 1578 2085 acci-

94 2105 201 2145 piunt.
236 2104 363 2135 Ennius
544 2104 609 2134 VII
638 2105 808 2135 Ausonius
837 2104 1082 2146 technopaegn.
1114 2102 1236 2144 (edyll.
1259 2099 1308 2141 V)
1331 2101 1396 2132 144
1431 2101 1578 2132 ‘Ennius

98 2155 131 2180 ut
152 2155 315 2181 memorat
338 2149 478 2191 replet
498 2156 536 2181 te
557 2149 807 2181 laetificum
828 2151 932 2192 gau.'
1030 2149 1110 2180 VIII
1135 2149 1327 2179 Priscianus
1348 2147 1428 2178 VIII
1455 2157 1488 2188 p.
1511 2145 1578 2177 842

95 2196 130 2226 P.
169 2196 202 2237 (Ι
235 2206 270 2237 p.
301 2194 368 2227 433
398 2194 457 2235 Κ.)
490 2189 821 2237 (ὀνοματοποιΐαι)
858 2202 1173 2226 ·tarata11tara.
1225 2194 1373 2225 Ennius:
1416 2198 1448 2223 at
1479 2192 1577 2223 tuba*

96 2252 124 2273 e.
151 2252 182 2281 q.
205 2252 232 2272 s.
267 2241 354 2283 (ait
384 2247 421 2271 at
450 2239 581 2282 Lugd.)
615 2241 754 2273 Seruius
775 2243 807 2273 in
829 2244 911 2272 Aen.
933 2241 979 2272 IX
998 2241 1065 2274 503
1098 2246 1150 2271 *at
1176 2240 1256 2271 tuba
1276 2238 1461 2270 terribilem
1488 2238 1579 2268 soni-

95 2295 177 2319 tum.
207 2286 459 2318 hemistichium
480 2287 600 2318 Ennii:
641 2297 718 2318 nam
738 2288 914 2328 sequentia
934 2288 996 2318 iste
1017 2286 1177 2317 mutauit:
1206 2285 1263 2316 ille
1290 2285 1377 2316 enim
1404 2284 1446 2315 ad
1466 2283 1579 2324 expri-

96 2333 255 2365 mendum
274 2332 374 2363 tubae
400 2342 519 2363 sonum
542 2333 605 2363 ait:
644 2339 922 2364 taratantara
952 2332 1087 2364 dixit?
1138 2331 1391 2372 Vergilianum,
1420 2338 1485 2360 non
1513 2329 1579 2359 En-

96 2381 233 2411 nianum
255 2388 392 2411 uersum
411 2378 578 2420 significat
601 2378 762 2410 Claudius
783 2378 948 2410 Sacerdos
972 2378 984 2408 Ι
1004 2388 1037 2419 p.
1059 2378 1102 2409 22
1122 2377 1220 2408 Endl.
1319 2375 1365 2406 IX
1389 2375 1579 2405 Macrobius

96 2425 166 2457 Sat.
190 2426 236 2456 VI
256 2426 278 2456 4
298 2435 331 2467 p.
345 2423 412 2457 519
427 2424 501 2455 Jan.
532 2430 647 2455 ‘mane
667 2424 872 2456 salutantum
894 2425 974 2455 totis
992 2424 1097 2455 uomit
1116 2422 1258 2454 aedibus
1278 2421 1415 2452 undam.
1440 2419 1577 2461 [Georg.

98 2469 228 2513 11462]
257 2470 399 2514 pulchre
425 2470 560 2502 uomit
587 2469 741 2501 undam
769 2476 799 2502 et
827 2470 981 2510 a11tique;
1013 2478 1091 2500 nam
1118 2468 1246 2499 Ennius
1272 2467 1338 2498 ait:
1372 2472 1402 2498 et
1429 2465 1578 2497 Tiberis·

97 2529 126 2549 e.
149 2529 181 2558 q.
205 2527 232 2549 s.

155 2655 222 2692 447
256 2655 330 2689 fere
358 2652 579 2700 Stephanus.
603 2654 677 2706 fere
698 2651 802 2686 Flor.
828 2651 928 2685 serae
953 2647 1005 2693 (3)
1034 2648 1145 2683 ceteri
1168 2645 1260 2681 libri.
1291 2645 1369 2680 fera
1400 2643 1441 2680 O.
1463 2643 1581 2680 Muel-

99 2715 200 2750 lerus
313 2718 382 2753 448
413 2714 691 2750 caelerissimus
715 2712 832 2747 Bern.
948 2714 1014 2748 451
1038 2711 1178 2755 repleat
1196 2707 1312 2754 Luqd.
1428 2710 1496 2743 452
1522 2696 1588 2740 Ad‘

100 2769 216 2806 Bern.
307 2771 414 2806 tribili
435 2779 485 2806 ex
506 2769 635 2804 tribilis
656 2778 756 2803 corr.
778 2766 896 2802 Bern.
985 2766 1118 2801 sonitu.
1139 2763 1378 2799 Taratantara
1397 2761 1581 2797 Halberst.

1239 2825 1299 2864 5*
