1762 3057
222 199 320 228 LXII
762 193 1172 237 QVAESTIONES

219 314 379 353 quorum
418 302 717 351 fragmentorum
751 312 835 339 cum
874 301 967 338 illud
1008 302 1142 340 incerti
1179 303 1340 341 nominis
1372 304 1440 352 sit,
1476 304 1690 342 sententiae

221 374 457 412 concinnitas
490 373 630 419 suasit,
663 377 700 408 ut
732 371 910 409 alteri'in
940 372 1048 409 unius
1089 374 1271 411 enuntiati
1303 374 1544 425 complexum
1579 385 1690 424 prae-

221 444 416 493 figeretur.
493 443 570 481 Sed
618 443 654 480 hi
704 454 838 479 uersus
885 454 968 479 cum
1012 441 1188 492 Vergilio
1235 443 1431 482 obuersati
1477 445 1690 492 uideantur,

221 513 320 564 apud
354 525 465 563 quem
511 512 630 563 (Aen.
657 511 691 550 X
728 513 799 563 11)
838 512 1010 563 Iuppiter
1051 515 1219 551 adaequet
1264 513 1384 563 inquit
1427 518 1558 552 iustum
1594 527 1691 562 paq-

220 597 309 630 nae,
359 597 403 621 mr
441 588 631 629 arcessite,
668 589 827 632 tempu-5²,
868 587 955 622 Cam
983 586 1070 632 fera
1110 584 1291 632 Carlhayo
1334 585 1511 621 Romanis
1547 585 1694 620 arcibus

221 659 302 691 alim
341 658 503 692 Exilium
540 666 710 701 inaquam
744 660 850 701 alque
877 656 990 702 Alpes
1028 658 1176 691 inmittet
1211 659 1374 702 apertas.
1448 655 1478 691 T
1484 667 1550 691 am
1588 665 1691 690 cer-

223 732 327 762 tare
357 728 496 771 odiis,
527 715 616 760 lam
651 734 732 759 res
762 727 984 771 rapuisse
1015 726 1188 771 licebit,
1230 723 1317 761 inde
1355 722 1593 761 coniciebam
1625 733 1694 760 eos

223 796 295 846 ipsi
325 794 546 833 Hannibalis
576 792 709 830 Italiae
742 793 932 841 ingressui
966 794 1202 844 praemissos
1238 793 1371 834 fuisse.
1441 791 1510 830 Cui
1542 793 1694 843 quidem

224 867 396 904 transitui
440 864 540 903 haud
585 863 666 901 scio
714 874 759 899 an
804 863 865 901 hic
906 877 1042 901 uersus
1088 864 1291 902 conueniat
1325 867 1494 911 uiresque
1532 866 1696 900 ualentes

224 940 390 975 Contudit
418 922 576 972 erudelis
601 936 741 982 hiemps
772 934 866 982 (inc.
901 935 983 972 sed.
1017 933 1197 985 XXXII).

339 1007 465 1055 Pugna
503 1004 549 1041 ad
582 1003 854 1041 Trasumenum
895 1006 1028 1042 nescio
1066 1017 1112 1043 an
1146 1004 1221 1042 hoc
1250 1002 1414 1041 frustulo
1456 1001 1694 1052 significetur

226 1080 341 1115 Poeni
367 1090 451 1114 suos
483 1078 576 1112 soliti
598 1077 653 1111 «Iis
673 1078 892 1122 sacrificare
912 1079 1057 1123 puellos
1089 1074 1204 1125 (IV):
1255 1086 1338 1112 cum
1380 1073 1479 1110 enim
1509 1071 1694 1110 Hannibal

226 1148 272 1186 ad
304 1147 378 1185 hoc
408 1145 597 1197 proelium
625 1156 668 1182 se
700 1144 947 1194 adcingeret,
980 1145 1116 1182 adsunt
1135 1144 1367 1195 Carthagine
1398 1142 1503 1180 missi
1536 1143 1599 1193 qui
1630 1142 1695 1181 du-

227 1220 281 1256 cis
312 1223 467 1267 gnatum
503 1215 561 1253 dis
591 1215 881 1253 sacrificandum
920 1222 1142 1266 poscerent.
1204 1215 1366 1253 Rettulit
1407 1227 1490 1254 eam
1526 1227 1606 1252 rem
1639 1214 1696 1253 Si-

227 1289 298 1327 lius
330 1287 381 1325 IV
413 1287 492 1325 765
538 1299 621 1323 ecee
658 1293 777 1324 autem
806 1293 938 1335 patres
976 1290 1134 1324 aderant
1170 1289 1391 1335 Carllzaffl'ne
1420 1290 1521 1324 missi
1555 1287 1697 1337 (Causa

226 1365 310 1398 uiae
338 1373 408 1396 που
437 1371 562 1406 parua
584 1358 694 1406 uiris)
718 1369 785 1393 nec
816 1360 910 1394 laeta
937 1359 1120 1405 ferebam.
1155 1359 1238 1394 Mos
1266 1359 1338 1405 fail
1366 1361 1402 1394 in
1415 1361 1576 1406 populisg
1610 1368 1699 1406 quos

229 1433 386 1469 condidit
415 1432 559 1466 aduena
590 1429 707 1475 Dido,
741 1429 899 1465 Poscere
931 1431 1043 1465 caede
1073 1431 1158 1465 deos
1188 1431 1351 1474 ueniam,
1383 1441 1428 1465 ac
1454 1430 1699 1476 slassrantihas

229 1505 307 1538 aris
339 1500 562 1549 (Infandum
585 1498 720 1547 (liclal)
747 1510 931 1545 paruos
961 1502 1192 1545 inponere
1218 1505 1354 1535 natas
1385 1527 1393 1535 .
1420 1527 1428 1534 .
1452 1526 1460 1534 .
1485 1526 1494 1534 .
1529 1500 1595 1534 Cui
1616 1500 1698 1546 salo

228 1575 387 1618 sortique
420 1572 525 1605 deam
557 1571 600 1604 (Ie
629 1580 728 1605 more
752 1571 899 1615 petebat
924 1570 1143 1605 Hannibalis
1167 1571 1307 1616 prolem
1336 1571 1475 1606 discors
1504 1572 1700 1616 ‹mtiqm'acs

232 1644 378 1678 Hanno.
441 1637 548 1685 Quae
578 1637 608 1674 si
641 1637 686 1675 ab
714 1637 836 1675 Ennio
869 1643 908 1675 ut
940 1644 1030 1688 puto
1062 1649 1136 1675 non
1177 1639 1372 1687 afuerunt,
1413 1637 1599 1676 credibile
1639 1643 1698 1675 est

231 1709 301 1747 bac
339 1710 547 1747 occasione
586 1720 731 1746 morem
774 1708 877 1746 illum
917 1709 1132 1747 Poenorum
1174 1708 1329 1760 puellos
1363 1709 1420 1747 dis
1459 1707 1700 1747 sacrificandi

228 1786 474 1818 memoratum
506 1779 638 1817 fuisse.

343 1850 568 1889 Ceterarum
601 1849 847 1899 reliquiarum
891 1861 980 1900 pars
1021 1849 1181 1887 maxima
1220 1849 1328 1900 (inde
1360 1862 1380 1888 a
1411 1847 1464 1886 Vl
1494 1860 1617 1898 usque
1650 1848 1697 1887 ad

228 1922 338 1974 XIX)
373 1923 418 1961 ad
456 1920 605 1959 cladem
635 1917 898 1967 Cannensem,
939 1920 975 1956 in
1004 1931 1076 1969 qua
1108 1918 1266 1956 Ennium
1299 1918 1503 1969 probabile
1534 1925 1594 1956 est
1624 1930 1699 1957 non

230 2005 348 2043 parce
386 1996 579 2029 uersatum
620 2002 732 2037 esse,
771 1989 964 2039 pertinuit.
1026 1989 1116 2026 Post
1148 1995 1226 2026 tres
1266 1989 1397 2027 clades
1430 1989 1590 2028 Romani
1619 2003 1699 2028 rur-

231 2075 295 2100 sus
334 2061 427 2099 belli
458 2059 670 2111 periculum
702 2060 919 2109 temptaturi
950 2060 1102 2108 socios7
1142 2060 1240 2097 inter
1285 2072 1382 2111 quos
1421 2059 1559 2109 Marsi,
1607 2061 1699 2099 Pae-

230 2133 336 2183 ligni,
354 2132 502 2170 Vestini
524 2130 635 2181 (Vl),
659 2131 824 2182 undique
846 2136 1059 2169 arcessunt.
1093 2129 1173 2168 Hac
1200 2131 1295 2167 enim
1319 2131 1605 2181 opportunitate
1628 2131 1698 2169 hos

230 2187 413 2254 populos,
447 2202 509 2252 qui
532 2201 686 2251 saepius
708 2201 900 2239 coniuncti
922 2201 1021 2252 apud
1045 2201 1258 2251 scriptores
1279 2207 1486 2239 occurrunt
1516 2202 1588 2252 (cf.
1610 2202 1698 2240 Nie-

234 2273 389 2311 buhrius
409 2272 503 2310 Hist.
524 2271 633 2309 Rom.
652 2271 667 2310 Ι
693 2271 807 2323 112),
840 2272 951 2309 etiam
975 2272 1104 2319 Silius,
1136 2283 1247 2321 quem
1267 2273 1428 2310 maxime
1448 2274 1484 2310 in
1501 2273 1572 2311 hac
1591 2278 1699 2323 parte

231 2344 458 2382 narrationis
488 2353 653 2391 sequor,
690 2342 1003 2380 commemorauit
1032 2341 1121 2379 VIII
1151 2342 1231 2379 497
1260 2350 1298 2380 at
1316 2345 1481 2382 Marsica
1508 2347 1624 2392 pubes
1647 2367 1701 2372 —

231 2417 526 2461 —conz'anyitza'
556 2425 644 2449 acer
664 2414 861 2461 Paelissnas
879 2417 1066 2462 gyelz‘tloque
1086 2416 1185 2461 rapit
1206 2415 1376 2451 Salmone
1389 2417 1553 2452 cohortes
1575 2413 1699 2465 (512)

231 2506 285 2511 *-
312 2505 367 2512 —*
393 2485 495 2520 halal
532 2487 603 2521 ullo
642 2486 756 2521 leuior
793 2485 891 2519 bellis
936 2485 1080 2520 Vesana
1128 2487 1295 2521 iuuentus
1338 2487 1490 2532 Agmina
1538 2487 1704 2522 densauit

233 2552 373 2603 (517).
436 2552 653 2591 Adueniunt
693 2553 831 2603 copiae
875 2551 1001 2603 (Vll).
1061 2551 1275 2590 Varronem
1311 2552 1357 2591 ad
1398 2553 1586 2603 proelium
1624 2553 1700 2591 fer-

230 2623 317 2660 uida
349 2623 566 2661 temeritate
594 2629 841 2673 proruentem
877 2623 1014 2660 Paulus
1045 2622 1172 2660 studet
1204 2634 1362 2660 arcere:
1408 2623 1491 2672 quis
1528 2624 1625 2660 enim
1665 2623 1702 2660 in

231 2690 289 2728 his
316 2706 483 2739 praeeant
516 2708 644 2742 payna
676 2700 728 2730 esl
757 2692 888 2743 (VIII)
924 2699 960 2730 et
990 2701 1134 2730 certare.
1167 2695 1323 2729 almaeo:
1358 2699 1472 2729 melia)
1508 2696 1702 2740 lessimzibas

231 2763 343 2796 labem
377 2761 472 2811 (IX)
500 2774 574 2799 non
601 2768 789 2811 agnoscat
822 2762 926 2799 Pauli
956 2762 1185 2800 laudabilem
1218 2773 1345 2798 curam
1376 2773 1421 2799 ac
1453 2760 1698 2799 cautionem?
