1762 3057
212 197 307 225 xxx
749 194 1154 238 QVAESTIONES

210 305 425 349 seplinyemi
459 309 544 339 secut
571 306 686 351 paulo
713 307 803 352 plus
838 312 900 342 aul
933 310 1052 343 minus
1081 309 1180 352 anni,
1214 307 1372 355 Augusto
1404 311 1558 357 numerio
1583 299 1683 355 post*

210 367 319 420 quam
360 376 482 410 inclita
523 376 667 411 00111111ιί
717 376 831 411 Roma
866 382 939 422 est,
986 389 1084 427 quae
1126 389 1209 415 cum
1245 376 1361 426 uulgo
1402 378 1474 428 ipsi
1509 377 1687 415 conditae

171 432 181 442 ”
212 442 316 480 urbis
348 443 555 481 narrationi
586 443 834 495 subiciantur,
868 453 1031 497 propter
1062 448 1211 485 nimiam
1250 446 1535 497 ambiguitatem
1574 447 1688 485 malui

215 514 250 550 in
283 514 439 551 incertis
471 514 694 563 fragmentis
727 516 822 565 (inc.
851 517 933 556 sed.
966 516 1090 569 XLII)
1117 518 1270 569 adponi.
1322 517 1392 556 Illa
1412 518 1686 568 igiturtempo-

217 596 297 623 rum
328 584 588 635 descriptione
628 591 746 636 poeta
785 587 946 638 amplius
983 589 1142 628 saeculo
1179 601 1199 627 a
1238 595 1398 640 recepta
1432 588 1688 626 Romanorum

221 655 499 693 consuetudine
531 656 700 695 recedit:
731 659 832 709 quod
863 672 910 698 110
941 660 1025 711 quis
1056 661 1287 710 ignorationi
1313 667 1375 699 aut
1415 659 1689 709 neglegentiae

204 725 352 763 ,eruditi
383 731 525 776 poetae
557 727 786 778 ascriberet,
820 729 1052 769 Niebuhrius
1080 731 1175 770 Hist.
1212 731 1320 769 Rom.
1345 730 1360 769 1
1388 743 1424 781 p.
1449 730 1529 770 300
1552 736 1589 768 et
1611 730 1690 768 315

214 796 358 846 duplici
390 797 611 849 explicandi
641 801 789 839 ratione
820 803 1020 853 proposita
1049 803 1161 840 cauit.
1213 801 1364 840 Etenim
1389 801 1548 840 Ennium
1572 801 1689 850 cycli-

215 878 284 904 cos
316 868 495 911 annosh.
521 882 555 907 e.
590 871 652 920 qui
684 857 867 910 denorum
899 874 1083 911 mensium
1115 880 1247 911 essent
1275 873 1426 911 calculo
1454 871 1691 920 adhibuisse,

217 939 393 987 quoniam
433 941 669 991 septingenti
710 943 848 991 cyclici
895 943 978 981 fere
1022 945 1316 994 (piingentorum
1367 945 1564 994 octoginta
1609 942 1691 981 uul-

215 1010 362 1057 garium
408 1022 603 1050 numerum
645 1020 883 1065 exaequant:
932 1021 994 1053 aut
1033 1028 1082 1054 ex
1120 1017 1296 1067 eantiqua
1337 1015 1499 1054 formula
1538 1013 1690 1054 Latina'

216 1086 412 1119 trecentos
464 1084 616 1133 triginta
661 1091 739 1123 tres
784 1097 904 1124 annos
951 1086 1050 1125 inter
1085 1086 1225 1125 Troiae
1272 1086 1413 1124 exitum
1464 1093 1502 1125 et
1551 1086 1694 1124 initium

218 1150 364 1190 Romae
411 1161 657 1204 computasse
699 1156 938 1207 opinabatur.
1017 1157 1068 1195 At
1113 1158 1216 1196 illam
1257 1158 1464 1196 definiendi
1508 1156 1694 1207 temporis

218 1224 403 1261 rationem
445 1224 555 1263 Ennii
600 1233 726 1265 aetate
776 1228 970 1277 exoletam
1010 1229 1161 1266 0111111110
1210 1231 1246 1268 111
1284 1242 1391 1267 usum
1435 1239 1578 1266 uocare
1617 1238 1693 1264 11011

219 1293 361 1332 debuit.
426 1295 549 1335 Varro
596 1298 748 1348 quidem
794 1312 877 1337 cum
916 1299 1222 1350 reprehenderet
1267 1299 1451 1348 Ennium,
1503 1310 1578 1336 11011
1621 1297 1693 1335 nisi

218 1365 266 1402 de
307 1367 414 1404 annis
460 1369 721 1407 communibus
766 1370 978 1408 sentiebat:
1030 1383 1156 1422 neque
1196 1382 1291 1409 uero
1339 1370 1423 1409 aliis
1464 1381 1567 1407 usum
1604 1379 1693 1405 esse

223 1442 377 1487 poetam
422 1436 658 1476 Censorinus
706 1439 753 1477 de
797 1433 858 1478 die
908 1447 980 1479 nat.
1030 1453 1062 1478 0.
1109 1441 1157 1479 19
1206 1454 1243 1492 p.
1286 1442 1337 1479 57
1374 1439 1483 1479 Jahn.
1533 1444 1694 1477 testatur

223 1508 318 1557 (inc.
355 1508 420 1548 lib.
464 1507 690 1561 XXXVII):
737 1513 804 1547 hoe
846 1518 984 1561 tempus
1021 1512 1097 1562 (sc.
1141 1512 1280 1562 annus)
1313 1516 1399 1561 quot
1431 1514 1570 1548 dierum
1605 1515 1697 1547 esset

222 1583 273 1615 ad
305 1586 439 1617 cerlum
472 1585 628 1619 nondum
669 1585 843 1631 astroloyz'
874 1587 1043 1631 reperire
1072 1589 1282 1631 potuerunt.
1341 1584 1530 1620 Philolaus
1559 1594 1694 1618 annum

220 1654 425 1687 mammem
480 1654 555 1689 dies
598 1655 733 1690 hahere
774 1656 937 1701 prodidit
965 1654 1169 1692 CCCLXII
1173 1654 1193 1688 I
1226 1681 1233 1688 .
1267 1682 1273 1689 .
1308 1682 1314 1689 .
1349 1681 1357 1689 .
1389 1659 1428 1689 at
1464 1657 1586 1688 noster
1617 1652 1693 1687 En-

222 1725 303 1758 nius
326 1724 555 1760 t's'CLXJ'J.
618 1722 675 1761 Cf.
717 1723 758 1761 F.
801 1723 971 1762 Ritterus
1011 1712 1133 1761 Musei
1166 1722 1301 1773 philol.
1334 1722 1368 1761 ΙΙ
1406 1734 1442 1773 p.
1476 1720 1570 1759 482.
1629 1720 1694 1758 Al-

221 1797 303 1829 tera
333 1791 530 1830 Niebuhrii
563 1795 673 1843 ratio,
709 1807 818 1846 quam
850 1794 1125 1845 simpliciorem
1157 1795 1241 1844 ipse
1286 1793 1511 1841 arbitratur,
1557 1799 1595 1830 ut
1637 1799 1696 1831 est

222 1862 435 1913 simplicior
466 1850 783 1914 ac'probabilior
812 1865 875 1902 uel
915 1876 987 1913 eo,
1030 1865 1131 1915 quod
1172 1865 1203 1901 is
1244 1869 1503 1901 trecentorum
1541 1864 1692 1913 triginta

222 1934 333 1970 trium
366 1945 547 1971 annorum
578 1947 757 1972 numerus
789 1935 875 1973 huic
909 1930 1049 1986 poetae
1079 1935 1230 1972 minime
1262 1933 1471 1984 peculiaris
1504 1940 1610 1972 esset
1639 1934 1693 1972 fu-

224 2009 351 2052 turus,
404 2005 453 2042 ita
491 2017 538 2041 ne
580 2004 726 2042 leuiora
762 2006 942 2055 attingam
984 2008 1065 2057 ipsa
1102 2004 1210 2042 Ennii
1254 2006 1364 2055 poesi
1403 2005 1612 2043 euertitur:
1665 2006 1696 2043 si

223 2075 375 2124 quidem
416 2087 547 2112 uerum
590 2081 669 2122 est,
715 2077 815 2126 quod
856 2090 970 2128 supra
1010 2077 1228 2123 statuimuS,
1277 2075 1478 2113 Romulum
1515 2081 1695 2126 nepotem

224 2144 343 2183 fuisse
374 2145 533 2184 Aeneae
564 2159 637 2184 1100
668 2147 828 2197 amplius
861 2149 1133 2199 quinquaginta
1163 2147 1270 2184 annis
1300 2146 1347 2184 ab
1373 2146 1524 2184 interitu
1557 2145 1696 2185 Troiae

226 2215 370 2254 Romae
399 2217 584 2266 originem
606 2217 770 2255 afuisse.
832 2218 880 2255 Vt
910 2219 1023 2267 igitur
1053 2217 1210 2261 Ennius,
1245 2228 1320 2267 quo
1346 2217 1430 2255 anni
1463 2218 1697 2267 septingenti

224 2286 495 2335 efficerentur,
543 2286 686 2326 Romae
727 2288 831 2326 urbis
866 2289 968 2326 initia
1007 2300 1054 2326 110
1094 2298 1180 2326 raro
1219 2288 1370 2338 quidem
1412 2288 1475 2327 uel
1513 2289 1695 2339 singulari

226 2357 406 2408 exemplo
439 2359 474 2395 in
500 2357 624 2395 medio
657 2359 813 2396 saeculo
851 2370 951 2398 110110
994 2359 1189 2409 posuerit,
1234 2371 1280 2396 ne
1310 2359 1366 2396 sic
1403 2359 1555 2410 quidem
1592 2366 1696 2398 ratus

226 2427 272 2465 ab
303 2428 542 2478 omni-parte
573 2428 743 2466 calculus
775 2430 913 2468 euadit.
976 2428 1257 2467 Eratosthenes
1290 2429 1389 2467 enim
1431 2442 1514 2467 cum
1543 2429 1695 2468 Troiam

227 2505 375 2549 captam
408 2512 497 2536 esse
521 2512 553 2537 a.
580 2499 682 2538 ‘1134
708 2512 740 2537 a.
772 2498 861 2538 Chr.
885 2513 919 2538 n.
946 2500 1232 2548 constituisset,
1267 2498 1370 2536 illum
1403 2499 1698 2550 si'sequebatur

226 2567 392 2615 Ennius,
433 2582 677 2620 consequens
710 2576 766 2607 est
789 2570 874 2608 inde
908 2570 954 2609 ab
987 2584 1034 2610 eo
1067 2577 1241 2621 tempore
1274 2569 1318 2607 ad
1353 2573 1494 2620 poetae
1533 2577 1697 2608 aetatem

228 2650 302 2675 11011
329 2639 597 2689 septingentos
628 2640 694 2678 sed
727 2641 830 2678 mille
868 2641 1023 2679 circiter
1063 2653 1182 2679 annos
1221 2641 1506 2677 intercessisse.
1561 2639 1696 2690 Neque
1732 2630 1736 2634 ’

229 2714 351 2746 tamen
395 2710 578 2748 credibile
619 2717 676 2748 est
712 2723 836 2759 10111111
869 2712 1100 2750 Graecarum
1144 2710 1413 2761 peritissimum
1454 2715 1608 2760 poetam
1650 2710 1697 2748 ab

229 2778 487 2817 Eratosthene
529 2788 642 2831 atque
680 2782 778 2819 adeo
807 2783 877 2818 iam
912 2787 997 2819 ante
1032 2781 1325 2819 Eratosthenem
1364 2779 1410 2818 ab
1441 2780 1525 2818 aliis
1555 2780 1695 2818 consti-
