1762 3057
613 139 1041 186 EPIGRAMMATA
1490 137 1570 178 163

804 250 841 295 II

170 344 194 381 5
232 337 312 382 Hie
339 341 406 383 est
434 339 504 383 ille
535 339 667 391 situs,
706 338 773 383 eui
801 353 928 383 nemo
961 337 1068 383 ciuis
1100 352 1243 398 neque
1270 337 1410 383 hostis

298 405 446 460 Quiuit
469 423 549 466 pro
578 408 704 452 factis
730 407 912 452 reddere
943 407 1039 466 opis
1069 406 1268 466 pretium.

802 507 856 551 ΙΙΙ

229 592 269 636 Α
295 592 390 636 sole
419 592 644 638 exoriente
674 607 809 651 supra
833 592 1015 637 Maeotis
1043 592 1227 651 paludes

296 661 432 705 Nemo
463 663 530 706 est
559 661 630 721 qui
658 661 784 706 sactis
816 676 883 706 me
909 661 1194 721 aequiperare
1227 662 1370 720 queat.

228 728 274 774 Si
300 729 368 773 fas
395 729 508 774 endo
536 730 696 789 plagas
728 729 964 775 caelestum
992 728 1230 773 ascendere
1257 728 1457 788 cuiquam
1489 729 1570 782 est,

140 803 189 843 10
294 797 351 842 Mi
375 797 458 843 soli
487 798 592 843 caeli
619 797 808 843 maxima
838 801 966 857 porta
996 800 1125 856 patet.

93 929 261 962 celebrent
286 929 405 961 funera
431 940 506 961 cum
534 931 687 972 gemitu)
734 931 828 962 Idem
850 930 920 962 Cat.
941 931 1020 962 mai.
1042 930 1098 969 20,
1119 929 1163 962 73
1190 929 1344 961 ‘Solonis
1365 928 1501 969 quidem
1519 938 1574 960 sa-

92 976 217 1018 pientis
245 976 393 1018 elogium
421 982 491 1015 est,
519 987 583 1016 quo
616 988 651 1008 se
676 983 775 1020 negat
803 977 891 1008 uelle
917 987 1012 1008 suam
1036 982 1176 1008 mortem
1199 976 1315 1007 dolore
1337 976 1520 1006 amicorum
1543 980 1574 1006 et

93 1022 248 1054 lamentis
276 1032 410 1054 uacare.
452 1022 532 1054 Volt
557 1024 656 1055 credo
682 1034 717 1055 se
744 1033 818 1055 csse
843 1033 957 1054 earum
985 1024 1076 1055 suis:
1105 1023 1165 1054 sed
1193 1022 1274 1053 haut
1295 1023 1365 1053 scio
1387 1032 1427 1053 an
1451 1021 1572 1052 melius

91 1069 237 1100 Ennius:
277 1078 374 1100 nemo
496 1068 605 1100 faxit!
705 1070 733 1100 ΙΙ
772 1070 900 1101 Seneca
932 1070 1039 1111 Epist.
1075 1079 1158 1101 mor.
1194 1068 1306 1099 XVIII
1331 1071 1351 1102 5
1377 1066 1498 1109 (108),
1529 1066 1572 1099 32

93 1114 240 1147 ‘deinde
267 1115 452 1146 Ennianos’
495 1114 746 1156 (Ennianos
783 1117 868 1147 coni.
906 1116 1098 1147 Pincianus.
1133 1116 1282 1146 inanes
1310 1114 1428 1145 Bamb.
1460 1112 1570 1144 (luelf.

92 1161 201 1192 Rehd.
229 1161 263 1192 in
289 1161 407 1200 litura,
436 1170 552 1192 omnes
570 1161 666 1192 Rom.
689 1168 719 1193 et
739 1162 815 1193 cdd.
837 1160 988 1203 Grutcri)
1022 1161 1172 1203 ‘colligit
1195 1170 1315 1191 uersus
1339 1166 1370 1191 ct
1396 1160 1427 1190 iu
1454 1159 1573 1201 primis

93 1207 170 1238 illos
193 1207 234 1238 dc
256 1206 416 1238 Africano
435 1207 596 1249 scriptos:
624 1208 677 1238 cui
698 1208 811 1239 ncmo‘
840 1218 868 1239 c.
890 1218 921 1248 q.
943 1218 970 1239 s.
1001 1210 1063 1239 ‘ex
1082 1217 1120 1239 co
1141 1217 1176 1238 se
1198 1207 1243 1237 ait
1264 1205 1460 1247 intellegere
1483 1204 1574 1246 apud

93 1253 248 1293 antiquos
274 1262 340 1284 non
358 1259 486 1284 tantum
505 1254 670 1285 auxilium
689 1254 900 1296 significasse
927 1264 978 1296 op
992 1264 1049 1285 em
1072 1253 1132 1285 sed
1153 1261 1310 1294 operam:
1337 1253 1382 1282 ait
1402 1252 1490 1283 euim
1510 1251 1575 1282 En-

94 1300 169 1330 nius
189 1300 357 1331 neminem
376 1301 527 1341 potuisse
541 1300 694 1342 Scipioni
718 1310 825 1341 neque
845 1301 954 1331 ciuem
975 1310 1082 1340 neque
1103 1299 1235 1330 hostem
1255 1298 1396 1329 reddere
1419 1307 1575 1339 operae

94 1346 304 1388 pretium.’
340 1345 415 1388 (Sic
440 1347 569 1378 restitui
601 1347 727 1378 locum:
757 1348 790 1378 in
811 1357 908 1386 quem
935 1347 1123 1388 scripturae
1143 1344 1371 1386 discrepantia
1396 1343 1480 1374 hacc
1506 1348 1573 1375 est:

94 1401 178 1423 non
204 1402 372 1434 supcrscr.
403 1393 435 1423 in
464 1392 575 1424 Guelf.
673 1402 793 1434 opem
817 1403 882 1424 om.
905 1392 979 1424 libri
1076 1391 1148 1423 sed
1180 1401 1310 1433 opera
1338 1391 1408 1421 ait.
1440 1399 1576 1431 opera

95 1438 204 1469 enim
231 1439 270 1469 in
299 1438 389 1470 eius
420 1439 630 1470 neminem
656 1439 773 1470 Bamb.
797 1438 906 1470 Guelf.
944 1439 1027 1481 (nisi
1058 1438 1148 1479 quod
1174 1438 1213 1468 in
1243 1447 1309 1468 om.
1337 1434 1470 1476 Guelf.)
1496 1435 1576 1467 sed

95 1493 279 1526 operam.
309 1485 367 1515 ait
394 1485 504 1515 enim
530 1485 735 1516 neminem
754 1485 862 1516 Relid.
886 1496 905 1515 a
924 1486 1000 1516 Vat.
1028 1482 1089 1525 ζφ
1117 1483 1187 1515 Pal.
1223 1494 1235 1514 ι
1255 1482 1272 1513 λ
1294 1482 1364 1514 Pal.
1387 1481 1407 1514 3
1429 1482 1575 1513 Grutcri.

95 1530 169 1562 sed
195 1540 368 1572 operam
389 1531 458 1561 ait.
483 1540 614 1572 opera
632 1531 729 1562 eius
751 1532 959 1562 neminem
980 1531 1056 1561 Vat.
1079 1540 1114 1570 η.
1145 1529 1219 1560 sed
1247 1538 1376 1570 opera
1395 1528 1489 1560 eius
1506 1538 1577 1559 ne-

94 1577 246 1607 minem
271 1577 348 1607 Vat.
371 1585 405 1607 α.
438 1577 514 1608 sed
540 1586 725 1618 operam.
759 1577 817 1608 ait
848 1577 1027 1608 enimin
1056 1577 1151 1607 cius
1183 1575 1396 1606 neminem
1429 1574 1512 1605 Vrb.
1540 1583 1574 1604 υ.

95 1622 171 1653 sed
201 1632 333 1664 opera
361 1623 434 1653 ait.
462 1632 591 1664 opera
616 1623 726 1654 cuim
746 1619 1574 1653 eiusin11emi110n11‘a1.e81'a1.lGruteri.

95 1668 170 1700 scd
193 1678 326 1710 opera
353 1668 423 1699 ait.
455 1678 586 1710 opera
611 1669 703 1699 eius
724 1669 835 1700 enim
857 1669 894 1698 in
918 1669 1123 1699 neminem
1147 1667 1245 1698 Alex.
1268 1676 1299 1696 τ.
1327 1665 1402 1697 sed
1431 1675 1575 1707 opera.

95 1715 204 1745 enim
231 1715 289 1745 ait
314 1724 445 1756 opera
465 1715 562 1746 eius
582 1715 790 1746 neminem
809 1715 886 1745 Vat.
907 1723 933 1745 ε.
963 1714 1035 1745 sed
1065 1723 1248 1756 operam.
1281 1713 1340 1742 ait
1367 1711 1475 1743 enim
1504 1721 1577 1743 ne-

94 1761 243 1791 minem
273 1760 342 1791 Pal.
365 1761 385 1790 2
405 1760 555 1799 Grutcri‚
584 1760 654 1792 Col.
691 1761 765 1791 sed
791 1770 975 1802 operam.
1007 1760 1067 1790 ait
1096 1768 1223 1801 opera
1249 1758 1358 1790 enim
1388 1758 1578 1788 eiusne-

95 1807 248 1837 mincm
266 1806 338 1837 Pal.
361 1806 381 1836 4
405 1806 548 1838 Gruteri.
578 1807 651 1838 sed
679 1816 870 1848 operam,
896 1807 953 1837 ait
975 1816 1102 1847 opera
1122 1806 1230 1836 enim
1252 1804 1344 1835 eius
1371 1804 1577 1834 nemiuem

95 1852 247 1883 Pinciani
264 1858 360 1883 uetus
384 1852 481 1883 lectio
552 1852 768 1894 Scipioni]
792 1852 1043 1894 Scipionem
1064 1851 1180 1883 Bamb.
1205 1850 1315 1881 Gucli'.
1339 1848 1579 1880 Vrb.vPal.&

95 1898 166 1930 Pal.
194 1899 208 1930 1
231 1904 262 1930 et
279 1899 300 1930 4
321 1898 464 1930 Gruteri.
489 1900 529 1930 in
555 1898 806 1940 Scipionem
827 1899 897 1930 Pal.
920 1899 941 1930 2
961 1898 1111 1935 Gruteri‚
1142 1897 1212 1928 Col.
1291 1896 1365 1926 scd
1387 1905 1576 1937 operam.

96 1945 307 1975 neminem
330 1946 439 1976 cuim
459 1955 595 1985 neque
621 1945 757 1976 ciuem
781 1955 916 1984 neque
937 1944 1100 1975 hostem
1121 1943 1319 1984 potuisse
1346 1943 1384 1972 in
1404 1940 1579 1982 Scipio-

96 2000 185 2021 uem
206 1991 390 2022 reddere
408 1991 483 2022 Vat.
504 1990 543 2032 χ)
593 1990 708 2022 Cicero
729 1991 770 2022 de
790 1991 855 2033 leg.
877 1991 904 2022 II
924 1991 980 2025 22,
1003 1991 1046 2022 57
1076 1989 1239 2021 ‘declarat
1269 1988 1358 2019 enim
1378 1987 1506 2018 Ennius
1533 1987 1574 2018 de

98 2036 276 2067 Africano:
304 2037 359 2068 hie
388 2043 436 2068 est
468 2036 524 2068 illc
550 2038 659 2068 situs.’
701 2037 793 2068 Hanc
815 2037 1014 2079 particulam
1037 2037 1068 2067 in
1093 2045 1195 2066 unum
1219 2034 1366 2075 elogium
1385 2044 1460 2064 eum
1479 2043 1579 2075 supe-

98 2082 244 2113 rioribus
265 2083 437 2114 coniunxit
460 2083 508 2120 ἰε,
537 2093 634 2123 quem
655 2083 817 2114 Columna
838 2089 871 2113 ut
893 2083 1031 2124 saepius
1055 2081 1270 2117 dissimulat,
1299 2080 1452 2121 Scaliger
1472 2079 1577 2111 Catal.

98 2138 132 2170 p.
157 2128 219 2160 187
318 2129 363 2159 III
398 2130 514 2161 Cicero
533 2130 632 2160 Tusc.
662 2129 750 2170 disp.
780 2130 808 2159 V
840 2130 893 2165 17,
923 2128 967 2160 49
1000 2129 1049 2160 ‘et
1074 2133 1123 2160 cst
1149 2128 1181 2158 in
1209 2127 1323 2166 aliqua
1349 2127 1417 2156 uita
1444 2125 1579 2167 praedi-

98 2174 208 2205 cabile
228 2174 357 2214 aliquid
384 2180 412 2206 et
433 2175 647 2217 gloriandum
673 2185 711 2206 ae
731 2185 811 2216 prae
837 2185 873 2206 se
897 2174 1073 2206 ferendum
1088 2199 1095 2211 ‚
1123 2180 1158 2204 ut
1179 2172 1434 2214 Epaminondas
1463 2195 1470 2202 .
1487 2194 1516 2201 ..
1545 2176 1580 2201 ut

100 2220 297 2252 Africanus:
326 2219 372 2262 [7.
399 2219 460 2261 8].’
499 2221 717 2252 Mamertinus
746 2220 899 2252 (lenethl.
932 2232 960 2251 c.
982 2220 1026 2253 16
1054 2222 1106 2262 (p.
1131 2219 1194 2250 155
1225 2215 1406 2258 Arntzcn.)
1437 2217 1579 2248 ‘etenim

154 2340 175 2374 6
207 2336 322 2381 quiuit
354 2335 432 2370 Val.
464 2334 484 2379 ζ
511 2347 540 2380 φ
568 2336 603 2369 in
635 2347 718 2381 my„
747 2335 966 2380 Stephanus.
997 2335 1056 2379 qui
1092 2335 1166 2368 uult
1195 2333 1279 2368 libri
1305 2333 1417 2367 celeri
1443 2340 1578 2366 omnes.

99 2393 211 2438 quibit
234 2391 443 2431 Pincianus,
468 2390 632 2436 Scaliyer
746 2391 923 2436 prosectis
947 2390 1066 2435 Guelf.
1083 2394 1116 2423 et
1138 2392 1222 2434 (pro
1244 2388 1348 2421 sactis
1370 2389 1580 2432 superscr.)

104 2448 230 2483 Bumb.
347 2447 505 2482 reddere
528 2447 609 2491 opis
631 2447 803 2491 pretium]
836 2446 995 2481 reddere
1026 2455 1162 2490 operae
1185 2443 1342 2489 pretium
1368 2442 1452 2477 libri
1468 2443 1580 2487 pleri-

101 2514 182 2550 que.
213 2514 348 2549 operae
375 2502 532 2537 reddere
561 2503 719 2548 pretium
743 2502 860 2536 Rekd.
884 2514 920 2537 α.
945 2500 1104 2536 reddere
1138 2509 1273 2545 operae
1299 2498 1488 2544 praecium
1512 2501 1581 2532 Ar-

100 2565 196 2606 yent.
218 2571 254 2594 (ι.
276 2559 435 2594 reddere
464 2569 577 2604 oprae
598 2559 754 2603 pretium
777 2557 924 2604 Lipsius
947 2562 980 2592 et
999 2558 1074 2592 alii.
1097 2556 1147 2602 cs.
1167 2565 1285 2600 supra
1402 2556 1423 2590 7
1452 2555 1580 2598 supra]

103 2615 271 2660 adusque
293 2615 535 2650 Mamertinus
651 2613 856 2649 Maeotides
889 2617 964 2648 tres
995 2611 1114 2648 Oxou.
1143 2609 1354 2646 Maeotidas
1383 2609 1466 2644 edd.
1495 2610 1582 2655 aliq.

102 2676 241 2707 ueteres
355 2674 378 2708 8
404 2682 461 2705 me
495 2681 564 2705 om.
588 2669 680 2715 Rey.
702 2669 799 2704 Pilli.
821 2679 890 2704 sea:
913 2668 1031 2704 Oxou.
1053 2669 1184 2714 aliique
1213 2665 1295 2700 libri
1407 2665 1582 2710 aequipe-

103 2738 185 2762 rare
215 2726 313 2762 Pilh.
341 2728 562 2773 equiperarc
588 2725 678 2772 Rey.
794 2727 816 2763 9
847 2726 876 2760 si
901 2726 956 2760 sas
984 2723 1082 2758 endo
1104 2725 1236 2769 plagas
1265 2721 1467 2756 coelestum
1489 2731 1584 2755 unus

1218 2784 1306 2824 11*
