1762 3057
647 197 955 234 ENNlANAE
1420 203 1535 232 XLIX

64 319 138 346 non
184 318 383 356 numquam
425 306 459 343 in
501 307 594 357 ipsis
635 306 817 344 librorum
855 306 968 344 initiis
1004 306 1161 344 deorum
1209 307 1425 343 contionem
1469 318 1534 344 ex-

66 378 206 429 pandit.
239 376 296 415 Cf.
318 376 360 414 Il.
397 379 431 413 Δ
465 377 477 413 1
517 389 602 427 sqq.
639 379 671 416 Θ
710 378 722 414 1
760 390 845 427 sqq.
888 376 976 414 Meo
1008 376 1183 426 periculo
1215 376 1261 414 fr.
1290 375 1342 413 III
1372 378 1408 414 in
1435 375 1535 413 hunc

65 447 198 485 librum
228 447 352 485 intuli:
396 459 470 497 quo
503 447 732 485 Postumium
762 459 978 497 agnoscere
1004 446 1181 495 uidebar.
1214 447 1276 497 qui
1307 447 1458 496 legatus
1490 447 1535 485 ad

65 517 293 555 Tarentinos
326 518 485 566 missus,
526 530 609 555 cum
641 518 805 555 ludibrio
838 517 884 555 ab
914 517 988 554 illis
1019 516 1168 554 habitus
1203 516 1454 568 obscenoque
1484 518 1534 554 in-

64 587 225 625 sultatus
266 594 393 636 esset.
449 594 528 625 atra
574 587 751 638 maleque
796 588 957 625 ominata
1006 587 1256 635 (=‹›bscena’
1305 600 1403 638 quae
1445 587 1536 625 dicit

66 662 200 708 poeta:
231 658 281 695 cf.
308 657 548 695 Foroellinus
580 671 610 695 S.
639 660 697 708 u.)
727 658 845 695 uerba
872 657 1045 708 profatus
1070 664 1127 695 est
1148 661 1279 709 γελᾶτε
1304 657 1373 704 ἕως
1395 657 1537 705 ἔξεστιν

64 722 177 778 ὑμῖν,
211 723 348 779 ἄνδρες
371 729 624 778 Ταραντῖνοι,
656 729 806 778 γελᾶτε·
839 722 964 765 πολὺν
988 721 1064 778 γὰρ
1084 723 1151 767 τὸν
1177 722 1271 777 μετὰ
1296 730 1416 766 ταῦτα
1446 723 1534 778 χρό-

65 813 134 836 νον
168 793 350 836 κλαύσετε
384 827 392 834 .
414 827 421 835 .
442 827 450 834 .
484 795 549 835 καὶ
587 796 652 835 ἴνα
684 812 725 849 γε
764 800 912 848 μᾶλλον
949 790 1263 848 ἆγανακτήσητε,
1311 796 1377 834 καὶ
1416 791 1532 834 τοῦθ’

63 862 158 918 ὑμῖν
197 866 375 918 λέγομεν,
414 862 470 905 ὅτι
508 869 639 918 πολλῷ
675 861 745 917 τὴν
787 866 933 917 ἐσθῆτα
966 865 1109 918 ταύτην
1146 868 1276 918 αἵματι
1304 866 1536 905 ἐκπλυνεῖτε.

66 938 272 986 Dionysius
326 938 446 975 Halic.
496 937 591 975 Exc.
634 936 741 975 XVII
782 936 818 975 S.
857 936 918 974 Cf.
968 938 1138 976 Zonaras
1179 938 1265 976 VIII
1305 937 1327 974 2
1378 949 1414 988 p.
1461 937 1536 974 loti

67 1010 126 1051 ed.
168 1010 284 1047 Bonn.
345 1008 491 1046 Indicto
533 1007 637 1045 bello
679 1006 873 1045 Tarentini
914 1008 1091 1046 ‘Graium
1131 1009 1345 1053 hominem.
1388 1019 1535 1056 regem,

67 1082 218 1118 nomine
256 1080 437 1117 Burrum'
478 1082 677 1115 arcessunt
709 1076 792 1121 (lv.
826 1077 900 1127 V):
948 1080 1009 1128 qui
1049 1082 1154 1116 ecum
1196 1079 1392 1128 imperium
1432 1076 1536 1113 orbis

68 1152 231 1200 agitaret
271 1155 308 1187 et
347 1148 541 1186 Romanos
585 1152 764 1197 potentes
804 1147 991 1189 uitleret'.
1036 1148 1256 1198 Apollinem
1294 1147 1341 1185 de
1381 1147 1535 1196 incepto

68 1232 137 1258 suo
176 1219 378 1259 consuluit,
440 1218 531 1255 Eius
563 1218 791 1256 auctoritate
824 1219 978 1268 ancipiti
1011 1224 1049 1255 et
1083 1218 1257 1267 ambigua
1292 1216 1539 1267 inprudenter

68 1290 187 1328 fretus
212 1288 314 1339 (Vll.
338 1288 446 1339 VIII)
481 1291 492 1310 ε
508 1301 590 1326 cum
624 1289 713 1325 totis
738 1288 879 1325 uiribus
904 1288 1010 1339 Epiri
1037 1287 1261 1326 Thessaliae
1287 1286 1539 1325 Macedoniae

67 1360 349 1409 incognitisque
390 1360 425 1396 in
467 1359 502 1397 id
542 1365 691 1409 tempus
735 1358 975 1409 elephantis’
1019 1359 1051 1395 in
1091 1358 1234 1396 Italiam
1273 1357 1439 1397 aduenit.
1479 1354 1538 1394 Cf.

68 1430 206 1468 Florus
245 1430 345 1481 Epit.
375 1428 390 1467 Ι
424 1430 472 1467 13
513 1442 550 1480 p.
582 1429 633 1466 22
672 1429 782 1467 Jahn.
844 1428 902 1466 Ac
934 1427 1066 1476 Pyrrhi
1105 1426 1334 1477 elephantos
1375 1439 1421 1465 eo
1455 1440 1538 1464 uer-

69 1499 190 1537 siculo
233 1512 344 1550 quem
375 1500 421 1538 (le
454 1500 669 1550 elephantis
709 1500 848 1537 elatum
881 1500 1038 1536 Seruius
1070 1499 1104 1535 in
1132 1497 1228 1535 Aen.
1257 1496 1307 1534 IV
1342 1498 1422 1535 404
1463 1503 1539 1534 tes-

72 1576 170 1608 tatur
208 1575 233 1607 it
276 1575 419 1619 myrum
459 1575 598 1619 campis
638 1583 764 1619 agmen
811 1570 905 1619 (inc.
949 1569 1030 1606 sed.
1070 1567 1197 1617 lel)
1239 1567 1312 1605 dici
1354 1568 1536 1609 conicias,

71 1640 236 1688 Pyrrhus
274 1647 398 1679 autem
428 1653 510 1678 cum
537 1641 768 1678 iuuentutem
801 1639 1042 1677 Tarentinam
1073 1638 1301 1675 insolentem
1332 1642 1443 1674 antea
1475 1637 1539 1673 mi-

73 1711 174 1748 litiae
214 1711 259 1748 ad
298 1723 399 1749 arma
433 1717 594 1759 cogeret
634 1722 795 1760 eamque
826 1709 1003 1747 inuidiam
1042 1706 1272 1744 ‘satellitum
1305 1706 1539 1755 quorundam

69 1781 262 1829 regiorum
294 1782 567 1832 intemperies'
600 1786 784 1829 augeret.
816 1780 903 1818 inde
932 1777 1220 1816 Tarentinorum
1253 1776 1388 1813 ciuium
1418 1775 1541 1813 taedia

73 1863 117 1889 ac
147 1851 347 1901 querellae
370 1837 606 1889 occultiores
628 1856 754 1887 ortae:
789 1842 925 1887 ἀπεῖπε
953 1843 990 1885 δ’
1023 1841 1155 1893 αὐτοῖς
1179 1844 1245 1883 καὶ
1271 1840 1365 1898 πρὸς
1393 1839 1541 1895 συμπό-

73 1933 137 1961 σια
172 1921 238 1960 καὶ
280 1917 433 1972 κώμους
468 1914 746 1971 ἀθροίζεσθαι,
782 1918 848 1957 καὶ
886 1912 975 1964 τοὺς
1012 1917 1215 1967 νεωτέρους
1242 1913 1282 1953 ἐν
1306 1916 1384 1961 τοῖς
1411 1910 1545 1960 ὅπλοις

74 1986 284 2031 ἀσκεῖσθαι
311 1991 484 2030 ἐκέλευεν
518 1984 545 2042 ἢ
573 1984 812 2042 διημερεύειν
842 1982 940 2027 κατὰ
969 1982 1040 2038 τὴν
1076 1980 1238 2038 ἀγοράν.
1296 1980 1347 2031 ὡς
1375 1983 1418 2022 δέ
1446 1999 1544 2031 τινες

75 2057 287 2113 ἀχθόμενοι
315 2058 463 2108 τούτοις
487 2056 765 2112 ὑπεχώρησαν,
795 2053 993 2110 φρουροὺς
1023 2056 1064 2096 ἐκ
1092 2058 1169 2094 τῶν
1188 2055 1342 2094 οἰκείων
1363 2052 1560 2104 κατέστη-”

77 2144 163 2182 σεν,
213 2127 305 2170 ὥστε
343 2131 490 2183 μηδένα
524 2130 664 2179 ἐξιέναι
700 2133 767 2181 τῆς
799 2126 955 2176 πόλεως.
1001 2129 1039 2167 οἱ
1069 2125 1110 2166 δὲ
1139 2123 1286 2172 τούτοις
1322 2139 1360 2163 τε
1401 2123 1467 2163 καὶ
1499 2127 1546 2178 τῇ

77 2203 238 2256 χορηγίᾳ
271 2204 348 2240 τῶν
378 2204 535 2254 τροφῶν
565 2198 824 2253 βαρυνόμενοι
852 2231 859 2238 .
881 2230 888 2238 .
910 2230 917 2237 .
947 2197 1227 2250 μετεγίνωσκον
1264 2191 1450 2234 δεσπότου
1481 2193 1546 2232 καὶ

78 2271 162 2324 οὐχὶ
193 2267 396 2322 συμμάχου
426 2275 494 2310 τοῦ
523 2268 688 2324 Πύρρου
718 2267 960 2322 πειρώμενοι.
1024 2268 1193 2306 Zonaras
1225 2265 1313 2303 VIII
1344 2265 1367 2303 2
1396 2278 1432 2316 p.
1468 2264 1545 2303 109

79 2344 138 2384 ed.
170 2344 288 2382 Bonn.
324 2341 382 2382 Cf.
414 2341 637 2379 Plutarchus
668 2340 801 2389 Pyrrhi
833 2353 865 2381 c,
902 2342 950 2378 16
981 2346 1018 2378 et
1050 2337 1249 2388 Appianus
1272 2335 1545 2375 Exc.San1nit.

79 2414 162 2453 Huc
193 2415 305 2463 igitur
335 2412 466 2449 refero
497 2412 543 2449 fr.
578 2410 642 2457 Vl,
675 2411 777 2460 quod
807 2411 1002 2461 posterius
1034 2409 1196 2458 septimo
1231 2413 1449 2454 octauoque
1479 2415 1546 2454 po-

81 2498 173 2523 nere
217 2482 418 2523 debebam,
493 2481 637 2519 Romae
679 2481 842 2528 interea7
900 2480 1001 2529 quod
1048 2478 1216 2517 conditio
1255 2477 1310 2513 rei
1350 2473 1546 2523 exigebat,

83 2556 308 2606 adparatus,
332 2560 371 2591 ut
392 2553 530 2590 Florus
552 2551 656 2600 Epit.
680 2549 696 2586 Ι
719 2549 767 2587 13
794 2560 830 2597 p.
858 2545 909 2583 22
932 2546 1040 2584 Jahn.
1069 2547 1139 2594 ait.
1162 2545 1377 2583 horribilis:
1402 2544 1448 2581 (le
1472 2554 1546 2593 quo

83 2626 197 2677 paulo
217 2625 325 2676 plura
348 2623 507 2661 Orositls
538 2620 588 2659 IV
619 2620 626 2656 Ι
666 2618 796 2657 tradit:
829 2620 956 2653 bellum
978 2620 1102 2664 inqens
1122 2621 1289 2652 (az-orcum
1310 2620 1361 2650 est
1384 2611 1547 2662 (Taren-

84 2696 197 2733 tInum
220 2694 346 2745 dicit).
379 2697 565 2732 Romanos
593 2694 657 2739 qm·
684 2692 878 2738 qucmciqzce
907 2689 1025 2724 hostes
1046 2689 1389 2731 circumstreperent
1400 2695 1548 2731 perme-

85 2771 206 2803 tientes
242 2769 365 2802 ultima
404 2767 524 2812 adegit
557 2764 754 2799 necessitas
783 2761 1004 2807 proletarios
1039 2767 1180 2804 quoque
1209 2758 1245 2791 in
1276 2766 1381 2790 arma
1410 2765 1549 2800 cogsere,

140 2835 289 2869 Euxlvs.
1250 2819 1273 2856 d
