1762 3057
170 177 224 219 12
755 181 1066 218 ANNALIVM

822 291 956 336 XLIII
979 290 998 313 *

726 372 961 417 caenacula
986 373 1177 417 maxima
1202 373 1309 417 caeli

817 462 961 507 XLIV
980 462 1000 484 *

765 542 1056 601 bipatentibus

826 633 951 679 XLV
972 633 992 656 *

308 713 410 757 luno
440 711 579 756 Vesta
604 712 799 758 Minerua
825 710 959 759 Ceres
984 713 1123 758 Diana
1155 713 1310 758 Venus
1340 714 1456 758 Mars
1487 756 1490 760 .

308 780 547 825 Mercurius
574 781 690 829 Iouis
717 783 945 841 Neptunus
974 782 1204 827 Vulcanus
1238 782 1414 841 Apollo.

817 873 960 918 XLVI
982 871 1002 894 *

216 957 267 995 65
306 950 549 1010 RespondIt
577 951 683 996 Iuno
710 952 917 997 Saturnia
949 955 1099 997 sancta
1130 952 1321 997 dearum.

792 1042 954 1087 XLVII
974 1042 995 1065 *
1007 1042 1027 1065 *

305 1121 434 1165 Vnus
464 1121 543 1166 erit
572 1137 700 1183 quem
728 1126 775 1168 tu
804 1123 933 1167 tolles
965 1122 1006 1166 in
1032 1122 1206 1168 caerula
1234 1122 1341 1168 caeli
1371 1183 1377 1187 ¹

306 1190 486 1248 Templa

214 1312 321 1343 XLIII
348 1311 575 1343 Tertullianus
599 1313 676 1343 adu.
709 1314 840 1345 Valent.
867 1326 894 1345 c.
917 1315 935 1346 7
960 1326 993 1356 p.
1015 1314 1080 1347 291
1107 1314 1134 1344 I)
1162 1313 1286 1355 Rigalt.
1324 1312 1473 1354 ‘primus
1499 1313 1647 1344 omnium

166 1359 293 1389 Ennius
314 1360 414 1399 poeta
432 1358 603 1389 Romanus
633 1361 869 1391 caenacula
887 1362 1070 1392 maxima
1091 1359 1203 1390 caeli
1234 1358 1434 1400 simpliciter
1452 1360 1648 1399 pronuntia-

168 1406 212 1435 uit
237 1405 277 1435 de
299 1404 375 1434 elati
398 1405 481 1435 situs
501 1406 634 1435 nomine
660 1406 713 1436 uel
736 1407 811 1446 quia
836 1407 947 1437 Iouem
970 1408 1037 1438 illi(¹
1060 1406 1250 1448 epulantem
1272 1405 1396 1446 legerat
1417 1405 1509 1445 apud
1526 1405 1648 1436 Home-

169 1451 265 1481 rum.'
301 1449 414 1481 Schol.
428 1451 550 1481 Veron.
563 1452 595 1482 in
608 1452 920 1494 Verg.A<=11.le.
938 1453 1094 1484 1112Κοῑι.
1113 1461 1120 1468 ·
1132 1452 1258 1483 Ennius
1274 1460 1339 1481 non
1355 1456 1482 1481 tantum
1497 1451 1646 1487 domum,

168 1497 228 1528 sed
249 1497 349 1528 etiam
379 1498 629 1528 cenaculum
659 1498 793 1529 caelis
839 1499 893 1530 Ad
912 1499 975 1530 hoc
996 1500 1134 1531 deorum
1154 1497 1331 1528 consilium
1350 1503 1379 1528 et
1398 1496 1461 1528 hoc
1482 1503 1511 1528 et
1531 1499 1648 1539 proxi-

170 1553 259 1574 mum
288 1542 512 1584 fragmentum
557 1544 608 1574 ed.
639 1543 732 1585 Lips.
764 1545 887 1575 rettulit
984 1545 1093 1577 XLIXv
1123 1545 1262 1576 Seruius
1291 1544 1323 1574 in
1354 1544 1436 1573 Aen.
1460 1542 1491 1574 X
1511 1544 1532 1575 5
1563 1544 1647 1575 ‘bi—

171 1589 450 1631 patentibus:
478 1589 619 1630 physic-e
640 1590 740 1620 dixit.
770 1600 845 1622 nam
865 1592 995 1623 caelum
1018 1597 1108 1633 patet
1128 1591 1168 1622 ab
1188 1598 1261 1621 ortu
1279 1596 1309 1621 et
1331 1599 1464 1620 occasu.
1506 1590 1565 1621 Est
1589 1600 1647 1622 au-

165 1643 231 1666 tem
250 1645 359 1665 sermo
372 1635 545 1665 Ennianus
563 1642 686 1666 tractus
708 1636 747 1666 ab
769 1638 876 1675 ostiis,
899 1648 983 1677 quae
1002 1649 1043 1669 ex
1061 1646 1202 1677 utraque
1221 1642 1315 1678 parte
1335 1636 1554 1677 aperiuntur.’

166 1681 255 1712 XLV
284 1681 474 1722 Appuleius
496 1681 536 1712 de
557 1682 620 1713 deo
644 1682 737 1713 Socr.
763 1694 791 1713 c.
809 1685 827 1714 2
847 1694 880 1725 p.
904 1684 967 1715 121
986 1684 1070 1716 Oud.
1105 1692 1265 1724 *quorum
1293 1683 1325 1713 in
1344 1691 1482 1713 numero
1502 1687 1577 1713 sunt
1598 1682 1647 1713 illi

166 1727 343 1758 duodecim
387 1737 565 1758 numeroso
604 1729 668 1758 situ
708 1730 881 1760 nominum
922 1731 955 1761 in
990 1731 1074 1762 duos
1112 1739 1231 1761 uersus
1272 1729 1312 1759 ab
1347 1728 1454 1759 Ennio
1489 1729 1644 1759 coartati:

167 1774 264 1803 Iuno'
296 1784 323 1803 e.
346 1783 377 1812 q.
402 1784 429 1804 s.
483 1773 667 1805 Martianus
688 1774 828 1816 Capella
847 1777 860 1806 I
881 1786 914 1817 p.
941 1777 981 1808 15
1003 1776 1041 1808 G.
1070 1774 1212 1817 (8914.)
1248 1777 1343 1805 ‘tunc
1374 1775 1474 1805 etiam
1500 1780 1536 1805 ut
1562 1775 1647 1806 inter

165 1820 249 1850 alios
270 1820 438 1860 potissimi
459 1827 658 1861 rogarentur
676 1821 784 1862 ipsius
805 1821 955 1863 collegae
978 1823 1086 1855 Iouis.
1115 1823 1170 1862 qui
1191 1822 1242 1852 bis
1261 1821 1333 1852 seni
1352 1830 1426 1851 cum
1445 1821 1562 1852 eodem
1582 1821 1646 1852 To-

166 1872 263 1897 nante
284 1872 502 1896 numerantur
531 1876 681 1907 quosque
704 1867 871 1898 distichon
893 1869 1126 1910 complectitur
1146 1868 1349 1899 Ennianum:
1381 1867 1480 1898 Iuno'
1511 1877 1539 1898 e.
1562 1877 1594 1907 q.
1617 1878 1644 1897 s.

166 1913 224 1943 Hic
254 1912 392 1942 ascribit
414 1911 542 1942 Merula
636 1913 741 1943 XLVI
771 1913 911 1944 Seruius
936 1915 968 1944 iu
988 1916 1071 1945 Aen.
1095 1915 1140 1945 IV
1163 1914 1230 1946 576
1264 1916 1398 1944 ‘sancte
1425 1913 1563 1944 deorum
1594 1923 1646 1945 se-

165 1958 310 1988 cundum
325 1958 470 1988 Ennium
485 1958 589 1989 dixit:
612 1959 804 2000 respoudit'
826 1970 854 1989 e.
877 1970 906 1999 q.
929 1970 954 1990 s.
994 1960 1143 1991 Donatus
1163 1960 1204 1990 sle
1219 1960 1438 1990 barbarismis
1457 1969 1491 2001 p.
1509 1958 1596 1991 1769
1608 1960 1643 1990 Ρ.

110 2028 115 2033 ,
163 2004 224 2043 (27
253 2001 374 2039 Lind.)
404 2004 676 2044 (soloecismus)
719 2012 798 2045 'per
827 2007 1096 2047 comparationes
1129 2007 1232 2037 sicut:
1268 2005 1457 2047 respondit’
1494 2015 1522 2036 e.
1555 2016 1586 2045 q.
1616 2017 1643 2037 s.

165 2054 245 2091 ‘pro
266 2049 504 2080 sanctissima.'
558 2050 740 2092 Pompeius
761 2051 883 2082 Donati
905 2059 1082 2083 comment.
1107 2063 1140 2094 p.
1166 2050 1233 2083 435
1252 2051 1352 2082 Liud.
1386 2050 1645 2092 (soloecismus)

166 2102 244 2136 ‘per
265 2096 567 2136 comparationem:
604 2097 791 2138 respoutlit’
821 2108 848 2128 e.
869 2108 899 2137 q.
917 2108 943 2128 S.
993 2098 1153 2130 Claudius
1182 2098 1346 2129 Sacerdos
1376 2098 1387 2127 I
1412 2107 1446 2138 p.
1469 2097 1512 2129 ‘28
1545 2098 1642 2129 Endl.

165 2140 424 2181 (soloecismus)
459 2150 537 2182 'per
557 2143 682 2183 gradus
705 2143 924 2176 conlationis.
959 2144 1022 2175 hoc.
1045 2151 1091 2175 est
1122 2144 1404 2185 comparationis,
1437 2150 1469 2174 ut
1497 2149 1546 2174 est
1568 2144 1645 2175 Sa-

164 2188 308 2218 turnia
338 2187 521 2228 pulchra
563 2189 734 2220 dearum
770 2199 830 2230 pro
860 2189 1110 2230 pulcherrima.³
1161 2191 1230 2222 Hur
1268 2190 1391 2221 rettulit
1426 2189 1554 2221 Merula

165 2234 288 2265 XLVII
314 2234 422 2265 Varro
443 2234 483 2265 dc
502 2234 539 2265 L.
563 2234 600 2265 L.
627 2236 688 2266 VII
708 2235 728 2267 6
750 2235 792 2265 Μ.
824 2236 952 2266 *dicam
974 2237 1006 2267 in
1028 2237 1091 2268 hoc
1115 2238 1198 2269 libro
1222 2237 1263 2267 de
1281 2236 1394 2267 uerbis
1415 2246 1499 2275 quae
1526 2246 1544 2267 a
1564 2238 1644 2278 poe-

162 2281 203 2311 tis
229 2285 303 2310 sunt
322 2281 433 2321 posita
461 2297 506 2302 —
533 2281 693 2322 incipiam
716 2281 813 2311 hinc:
842 2283 944 2313 uuus'
967 2294 996 2313 e.
1020 2294 1051 2323 q.
1074 2295 1100 2313 s.
1141 2284 1191 2315 Cf.
1216 2282 1357 2313 Ouidius
1378 2282 1455 2313 Met.
1476 2281 1556 2312 XIV
1576 2283 1643 2314 812

161 2332 214 2356 ‘tu
245 2326 326 2357 mihi
362 2326 505 2357 concilio
537 2328 706 2367 quondam
742 2334 919 2368 praesa-nte
949 2329 1086 2360 deorum
1126 2329 1236 2367 (Nam
1262 2338 1410 2359 memoro
1436 2329 1644 2368 memorique

161 2373 271 2403 animo
292 2373 349 2413 pia
369 2373 470 2403 uerba
490 2372 623 2408 notaui)
654 2375 772 2404 Vnus
800 2374 877 2404 crit
901 2385 1018 2414 quem
1039 2382 1079 2406 111
1101 2376 1234 2406 tolles
1267 2375 1304 2405 in
1335 2374 1509 2406 caerula
1529 2375 1642 2405 caeli

164 2419 303 2450 Dixisti:
332 2425 401 2449 rata
421 2419 461 2449 sit
487 2420 665 2451 uerborum
688 2430 819 2450 summa
846 2422 1002 2452 tuorum?
1042 2423 1135 2453 Idem
1153 2423 1242 2453 Fast.
1268 2422 1295 2451 II
1316 2420 1384 2452 485
1413 2420 1536 2452 'redde
1556 2421 1641 2462 patri

162 2472 291 2495 uatum:
331 2465 485 2504 quamuis
511 2466 677 2498 intercidit
701 2466 803 2504 alter,
831 2466 893 2497 Pro
923 2478 959 2498 se
980 2478 1108 2510 proque
1131 2469 1233 2500 Remo
1257 2468 1314 2507 qui
1334 2466 1415 2498 mihi
1442 2472 1542 2497 restat
1568 2467 1640 2498 crit.

160 2603 228 2636 que.
251 2593 363 2626 ceteri
381 2592 474 2627 libri.
509 2594 650 2628 ecfatus
675 2594 734 2628 ubi
761 2592 929 2640 Scalz'yer
946 2594 1044 2630 Coni.
1061 2606 1103 2640 ρ.
1127 2598 1205 2632 128.
1229 2594 1364 2629 effatus
1389 2594 1469 2628 ibus
1495 2594 1642 2640 Lipsius

159 2648 238 2681 ,4)ιι.
257 2647 354 2682 Lect.
378 2647 425 2682 II
442 2652 464 2684 4
606 2653 651 2686 63
678 2650 864 2694 Ceresque
889 2650 1008 2696 Guelf.
1033 2650 1053 2685 b
1073 2651 1233 2696 Appulei
1245 2679 1252 2693 ‚
1287 2650 1370 2685 libri
1382 2650 1549 2696 plerique
1571 2650 1639 2685 Ca-

155 2704 273 2747 pellae
415 2707 459 2739 64
485 2705 599 2747 Iouis]
623 2705 784 2750 Iuppiter
807 2705 965 2742 Harlem.
992 2707 1152 2752 Appulei
1171 2718 1216 2740 m.
1237 2707 1300 2742 all.
1316 2734 1323 2748 ,
1354 2706 1439 2752 aliq.
1462 2706 1547 2740 libri
1570 2706 1639 2742 Ca·-

150 2759 275 2804 pellae
413 2763 457 2797 66
479 2762 604 2796 cerula
624 2761 729 2798 Flor.
754 2762 899 2797 coelula
918 2761 1046 2798 Haun.
