1762 3057
610 189 614 192 >
654 170 972 215 RELIQVIAE
1501 161 1554 203 61

787 282 846 326 ΙΧ

211 363 334 417 Quos
364 363 435 407 ubi
468 378 546 408 rex
575 361 767 422 populos
799 359 944 418 spexit
976 359 1029 404 de
1057 357 1256 403 cautibus
1287 355 1416 400 celsis

794 460 835 504 X

215 540 362 600 Reges
387 556 466 599 per
492 553 678 599 regnum
703 540 958 596 statuasque
982 537 1301 596 sepulchraque
1327 538 1553 596 quaerunt,

215 609 458 653 Aedificant
489 622 668 653 nomen:
703 620 873 650 summa
903 605 1098 650 nituntur
1127 620 1259 665 opum
1289 606 1344 648 ui.

784 706 844 751 XI

93 794 174 832 405
213 822 222 831 .
292 821 301 831 .
376 790 476 844 post
506 790 646 831 aetate
674 785 820 845 pigret
845 785 1043 830 subferre
1074 784 1278 829 laborem.

780 886 859 930 XII

220 963 445 1007 Aestatem
478 967 713 1008 autumnus
746 963 962 1023 sequitur,
1002 968 1102 1020 post
1131 976 1230 1005 acer
1256 960 1424 1017 hiemps
1457 958 1515 1002 fit.

771 1062 868 1106 XIII

216 1142 434 1186 Montibus
460 1140 644 1199 obstipis
670 1139 942 1185 obstantibus
970 1138 1082 1182 unde
1109 1143 1246 1183 oritur
1277 1152 1364 1181 nox

772 1230 877 1274 XIV

222 1310 304 1365 Qui
330 1310 493 1354 clamor
522 1310 820 1370 oppugnantis
847 1322 1015 1368 uagore
1040 1307 1203 1352 uolanti

83 1454 157 1484 nius
177 1453 209 1483 in
228 1460 323 1484 sexto
342 1453 473 1484 decimo
497 1454 610 1484 annuli
638 1454 728 1484 dies
752 1453 887 1495 scripsit
909 1462 968 1494 pro
989 1452 1055 1484 diei
1076 1453 1109 1483 iu
1127 1452 1189 1483 hoc
1207 1461 1323 1482 uersu:
1352 1452 1559 1493 postremae'

83 1512 111 1530 e.
133 1511 163 1539 q.
188 1510 215 1530 s.
313 1499 359 1530 lx
391 1499 509 1530 Festus
533 1510 565 1541 p.
593 1499 660 1531 330
685 1500 724 1530 31.
755 1500 905 1541 ’spicit
934 1510 1065 1539 quoque
1090 1499 1162 1529 sine
1189 1499 1439 1539 praepositione
1465 1498 1557 1527 dixe?

84 1552 157 1576 runt
187 1546 315 1585 antiqui
340 1563 385 1567 —
410 1552 441 1576 et
467 1547 590 1587 spexit.
636 1547 761 1576 Ennius
790 1546 809 1575 I.
838 1545 916 1575 XVI
1041 1545 1137 1585 (xxi
1159 1545 1232 1575 cod.
1258 1551 1339 1575 teste
1365 1544 1471 1575 Keilio
1496 1544 1516 1573 I.
1539 1544 1558 1573 I.

85 1603 117 1633 p.
144 1591 224 1625 625.
252 1592 297 1622 Vl
323 1593 360 1622 0.
391 1591 592 1631 Muellerus)
628 1592 733 1622 Varro
758 1592 798 1622 dc
824 1591 860 1621 L.
891 1591 926 1621 L.
961 1592 1004 1621 VI
1022 1592 1066 1623 82
1088 1591 1131 1621 M.
1170 1596 1342 1632 'spectare
1369 1591 1495 1621 dictum
1520 1590 1560 1620 ab

84 1638 233 1679 specio
259 1638 417 1677 antiquo,
445 1647 509 1677 quo
533 1639 632 1669 etiam
661 1638 788 1669 Ennius
819 1647 915 1667 usus:
952 1646 1026 1667 uos
1055 1637 1180 1678 epulo
1208 1642 1435 1678 postquam
1463 1646 1560 1678 spe-

84 1685 168 1715 xit?
264 1683 297 1714 X
331 1683 521 1715 Macrobius
555 1685 626 1717 Sat.
651 1684 727 1715 VII
761 1694 793 1725 p.
820 1682 886 1714 409
908 1683 983 1713 dan.
1019 1690 1168 1713 *sumnia
1200 1683 1348 1713 nituntur
1378 1692 1480 1724 opum
1515 1683 1560 1712 ui.

86 1729 186 1772 [Aen.
203 1729 262 1760 XII
277 1728 357 1770 552]
378 1730 505 1761 Ennius
520 1731 552 1761 in
569 1736 702 1770 quarto:
731 1728 789 1771 [N]
810 1736 839 1760 ct
859 1730 890 1759 in
911 1735 1005 1759 sexto
1023 1729 1154 1760 decimo
1173 1753 1178 1758 .
1194 1753 1200 1758 .
1215 1729 1239 1758 .’
1261 1728 1395 1769 (xvv),
1416 1738 1482 1759 om.
1504 1728 1562 1765 in,

85 1775 231 1815 salisb.)
258 1775 308 1807 Cf.
332 1776 376 1806 IV
392 1775 432 1807 fr.
450 1777 477 1806 Y
574 1776 616 1807 XI
639 1775 765 1807 Nonius
781 1774 959 1817 p.·210.l2
982 1776 1154 1817 ‘pigret.
1180 1775 1307 1805 Ennius
1325 1774 1383 1804 lib.
1401 1774 1477 1805 XVI
1498 1775 1560 1804 ...’

85 1822 197 1863 (XVII
215 1822 351 1859 Aldina,
375 1820 514 1861 Junius)
610 1822 669 1853 XII
697 1822 888 1853 Priscianus
915 1822 940 1851 V
968 1832 1000 1863 p.
1020 1821 1086 1853 647
1105 1821 1140 1851 Ρ.
1173 1822 1201 1861 (I
1222 1831 1256 1862 p.
1278 1819 1342 1851 179
1360 1820 1419 1860 K.)
1449 1823 1563 1851 ‘acer

87 1876 117 1900 et
139 1868 269 1906 alacer,
298 1868 433 1899 saluber
463 1874 493 1899 et
519 1868 651 1899 celeber
678 1869 833 1908 quamuis
853 1868 974 1898 alacris
994 1874 1025 1898 et
1045 1868 1132 1898 acris
1156 1867 1355 1908 plerumque
1382 1866 1507 1898 faciant
1533 1874 1563 1897 et

87 1914 233 1946 salubris
250 1919 281 1945 et
301 1914 444 1945 celebris
462 1914 640 1947 feminina.
670 1915 700 1945 in
722 1922 860 1954 utraque
881 1920 991 1945 tamen
1009 1914 1241 1944 terminatione
1258 1913 1445 1944 communis
1465 1913 1564 1943 etiam

87 1961 222 2003 generis
247 1961 462 1992 inueniuntur
481 1960 613 2002 prolata
635 1979 680 1983 —
699 1979 744 1983 ——-
775 1960 902 1991 Ennius
922 1961 954 1990 iu
973 1959 1051 1991 XVI
1181 1960 1318 1990 Seruius
1344 1960 1377 1990 in
1404 1960 1487 1989 Aen.
1519 1958 1563 1988 vl

87 2007 154 2039 685
187 2007 247 2038 ‘de
273 2006 434 2038 feminino
460 2006 571 2038 alacer
595 2014 626 2037 et
653 2016 748 2038 acer
772 2016 952 2046 numquam
979 2006 1141 2044 dicimus,
1167 2006 1243 2037 licet
1268 2005 1396 2036 Ennius
1423 2005 1562 2036 dixerit:

88 2053 263 2084 aestatem'
279 2064 308 2086 e.
320 2063 350 2092 q.
362 2062 389 2083 s.
414 2052 552 2084 Seruius
569 2053 657 2083 Artis
671 2063 704 2094 p.
715 2052 782 2084 489
792 2053 889 2083 Lind.
909 2053 1092 2092 *quaeritur
1106 2059 1214 2083 utrum
1229 2062 1273 2083 ac
1284 2052 1341 2082 ris
1357 2051 1508 2083 dicamus
1523 2060 1564 2081 an

90 2109 176 2130 acer.
215 2099 343 2130 Ennius
363 2099 452 2130 enim
478 2098 580 2129 dixit:
618 2106 712 2140 post
740 2109 834 2130 acer
859 2098 1048 2140 hiemsz
1145 2099 1219 2129 XIII
1239 2098 1357 2130 Festus
1377 2108 1410 2139 p.
1436 2096 1501 2129 193
1520 2097 1564 2129 M.

91 2145 344 2186 ·0bstipum‘
373 2145 603 2185 (obstitum
632 2146 706 2179 cod.
735 2151 765 2176 et
787 2145 929 2184 Paulus)
958 2145 1163 2185 ‘obliquunn
1198 2145 1325 2176 Ennius
1351 2144 1372 2175 l.
1402 2144 1480 2174 XVI

182 2190 262 2222 XIV
281 2191 399 2222 Festus
416 2201 450 2232 p.
468 2189 535 2223 375
554 2191 597 2221 M.
626 2196 842 2234 ‘uagorem
865 2200 924 2232 pro
944 2192 1073 2233 uagitu.
1104 2191 1231 2222 Ennius
1249 2191 1283 2222 Ii.
1303 2190 1382 2221 XVI
1407 2215 1412 2221 .

94 2324 208 2359 Bern.
258 2323 314 2369 Cf.
342 2322 532 2359 Lucretius
552 2323 575 2358 I
593 2325 658 2362 557
692 2329 782 2370 ‘qua
798 2330 955 2371 propter
975 2325 1079 2371 Ionya
1105 2325 1176 2359 (liei
1194 2323 1344 2370 Infinita
1365 2328 1466 2358 aetas
1485 2328 1568 2358 ante

92 2382 166 2414 acti
184 2382 355 2425 temporis
380 2381 513 2415 omnis’
655 2384 723 2417 402
750 2392 842 2426 quos
874 2382 931 2416 ubi
955 2392 1020 2415 rex
1045 2382 1203 2426 populos
1224 2380 1361 2425 spexit]
1391 2391 1484 2424 quos
1508 2381 1566 2414 ubi

94 2446 159 2471 rex
184 2462 192 2470 .
208 2462 215 2470 .
231 2463 238 2470 .
263 2437 322 2470 ulo
346 2436 466 2482 spexit
485 2435 562 2471 cod.
586 2435 696 2470 Festi.
730 2448 796 2471 uos
827 2437 936 2482 epulo
965 2442 1163 2481 postquam
1184 2437 1304 2481 spexit
1333 2435 1471 2476 Varro,
1500 2436 1567 2470 rel.

94 2503 162 2527 om.
281 2493 449 2527 contibus
469 2491 609 2526 Festus.
629 2494 813 2527 montibus
834 2491 1054 2537 Pomponius
1075 2493 1207 2526 Laetus
1348 2495 1416 2529 403
1438 2497 1569 2537 qurent

97 2548 213 2593 Neap.
357 2552 426 2585 405
450 2552 631 2593 potestate
655 2547 755 2582 Lem.
894 2551 962 2585 406
990 2552 1145 2583 aetatem
1167 2547 1313 2582 Cassell.
1339 2546 1460 2582 Seruii

97 2604 261 2649 sequitur
290 2616 358 2639 om.
390 2603 543 2639 Seruius
655 2604 800 2649 hiemps
832 2603 921 2649 Rey.
951 2615 998 2638 m.
1023 2616 1088 2650 pr.
1123 2603 1240 2638 Bern.
1269 2602 1387 2637 Prisc.
1422 2603 1570 2638 Cctssell.

97 2658 228 2704 Seruii,
246 2658 398 2696 Seruius
410 2662 447 2695 in
462 2660 563 2694 Arte.
582 2660 700 2695 hiems
718 2662 830 2694 ceteri
943 2660 980 2693 fit
1000 2660 1085 2695 add.
1104 2658 1227 2694 Seruii
1245 2659 1326 2694 edd.
1350 2660 1395 2693 sit
1411 2658 1569 2701 cassen„

97 2726 167 2750 om.
195 2718 305 2750 celeri
443 2717 510 2753 407
539 2716 693 2761 obstipis
719 2714 898 2762 Gifcmius.
925 2716 1068 2750 obstitis
1092 2716 1171 2750 cod.
1333 2719 1403 2754 408
1431 2717 1570 2750 clamor

98 2772 177 2807 cod.
201 2773 340 2806 clamos
363 2774 438 2807 siue
457 2774 618 2807 elamore
640 2771 898 2808 Lachmannus
917 2772 968 2806 αι]
985 2772 1095 2807 Lacr.
1126 2771 1182 2807 VI
1203 2776 1289 2810 1260

270 2872 290 2886 3-
