1762 3057
397 208 808 252 QVAESTIONES
841 208 1148 245 ENNIANAE
1431 216 1510 245 xtx

37 306 179 352 eerenl:
204 322 242 352 ui
269 318 306 354 C.
339 320 510 365 Octauius
540 321 743 368 Lampadio
776 323 908 358 Naeuii
936 323 1115 357 Punicum
1145 322 1284 366 bellum,
1314 321 1412 368 quod
1439 332 1511 357 11110

34 388 214 423 uolumine
243 394 277 424 ei
301 393 497 427 (vnliuenli
523 395 711 440 scriptura
742 394 947 439 ea'posilum
975 394 1094 429 diuisit
1125 395 1162 429 in
1203 397 1340 439 septem
1380 392 1510 427 libros.-

33 462 74 492 ul
91 463 218 503 postea
239 459 281 503 Q.
308 461 555 509 Varyunteius
581 465 734 499 annales
763 464 893 507 Ennii,
925 474 1014 510 quos
1043 465 1151 505 cerlis
1176 464 1299 499 (liebus
1318 464 1354 497 in
1375 473 1508 509 maqna

28 526 240 575 frequentia
279 534 558 577 pronuntiabat.-
612 540 651 570 ut
691 534 838 570 Laelius
884 534 1088 570 Archelaus
1170 535 1382 581 Vecliusque
1420 532 1504 568 Plei-

35 598 193 635 locomus
225 601 355 638 Lucilii
381 586 542 640 saturas.
594 602 644 640 At
678 615 698 641 a
728 604 912 641 Suetonio
953 602 1044 640 nihil
1077 601 1387 640 tale-memorari
1418 613 1508 640 cou-

34 668 169 717 cedet,
215 670 277 720 qui
312 670 430 710 uerba
470 678 507 710 et
537 674 751 712 sententiae
782 686 921 712 nexum
951 674 1111 724 propius
1144 671 1361 723 aspexerit:
1403 664 1522 708 cuius*

32 740 80 778 de
107 752 152 779 ea
181 752 224 778 re
255 742 448 780 silentium
477 742 565 781 mihi
599 744 696 782 adeo
728 756 799 795 pro
833 745 977 783 diserto
1013 756 1102 782 esse
1144 741 1362 781 testimonio
1404 741 1508 778 uide-

33 817 105 849 tur.
181 811 324 851 Verum
363 813 460 852 alios
502 814 598 853 duos
632 814 788 865 prodire
832 821 952 853 testes
1000 814 1137 862 iubeo,
1188 814 1251 865 qui
1304 812 1406 862 quod
1442 811 1508 849 ille

34 883 197 921 tacendo
229 885 346 924 docet
376 871 511 936 aperte
540 891 579 923 et
610 892 647 923 ut
678 885 776 923 absit
807 885 991 924 dubitatio
1024 885 1186 923 tradunt.
1234 883 1377 922 Plinius
1409 884 1507 921 enim

32 953 129 992 haec
167 955 203 991 111
242 956 401 994 1131111311
432 956 590 995 historia
630 955 722 1007 (VII
757 956 854 1006 101)
897 955 1035 993 refert:
1070 957 1112 1000 Q.
1138 958 1280 993 Ennius
1311 957 1353 992 L.
1384 958 1508 994 Caeci—

32 1028 116 1062 lium
143 1027 317 1064 Dentrem
343 1028 577 1077 fratremque
617 1030 694 1065 eius
719 1030 925 1076 praecipue
954 1030 1108 1063 miratus
1131 1032 1290 1075 propter
1335 1038 1395 1063 eos
1422 1039 1509 1064 sex*

33 1102 105 1133 tum
135 1099 324 1134 decumum
355 1101 486 1135 adiecit
514 1101 698 1135 annalem.
760 1096 868 1144 Quae
894 1096 1075 1133 memoria
1098 1095 1246 1143 hausta,
1280 1101 1318 1133 ut
1343 1096 1507 1144 uidetur,

33 1179 81 1204 ex
116 1167 277 1205 uetustis
320 1168 479 1208 alicuius
510 1167 747 1218 grammatici
779 1167 1061 1220 commentariis
1097 1165 1324 1204 difficultate
1357 1167 1508 1216 quidem

33 1238 200 1289 inpedita
233 1244 292 1276 est
323 1239 472 1290 aliqua,
507 1251 617 1289 qnam
649 1248 718 1275 suo
749 1236 837 1274 loco
872 1248 1103 1287 proponam:
1138 1235 1213 1274 1100
1242 1242 1367 1274 tamen
1392 1236 1507 1287 adpa-

34 1315 112 1358 ret,
153 1310 203 1347 ita
232 1321 304 1347 nec
333 1309 491 1348 Plinium
523 1322 594 1348 nec
634 1321 739 1357 eum,
782 1309 888 1346 cuius
920 1308 986 1346 ille
1021 1308 1288 1345 auctoritatem
1319 1308 1506 1358 sequitur,

34 1379 232 1418 locuturos
271 1379 415 1429 fuisse,
453 1381 524 1418 nisi
555 1380 715 1418 Ennium
753 1391 906 1417 carmen
940 1391 1009 1429 per
1049 1378 1222 1428 singulos
1266 1378 1385 1416 libros
1418 1390 1507 1416 con-

33 1449 241 1499 scripsisse
272 1462 342 1501 pro
376 1457 576 1502 comperto
609 1451 757 1488 fuisset.
810 1450 936 1500 Atque
967 1451 1081 1488 tertio
1115 1456 1201 1488 ante
1235 1449 1378 1487 obitum
1410 1461 1508 1487 anno

32 1518 403 1570 duodeuigesimum,
438 1521 610 1560 annalem
658 1521 818 1569 adiecit,
868 1523 951 1572 ipse
996 1521 1093 1560 hanc
1135 1522 1329 1559 inmensae
1373 1520 1509 1571 poesis

33 1591 142 1639 qnasi
182 1590 327 1629 calcem
372 1592 533 1630 futuram
579 1593 844 1642 praesagiens.
907 1591 960 1629 lta
1001 1592 1098 1629 0111111
1126 1591 1225 1630 alter
1269 1603 1381 1642 quem
1420 1603 1507 1642 pro·

34 1662 169 1698 uocaui
201 1662 334 1710 testis,
376 1662 522 1700 Gellius
557 1662 624 1711 (N.
656 1662 702 1699 A.
736 1661 843 1700 XVII
875 1661 982 1712 21):·
1007 1665 1195 1701 Claudium
1225 1670 1257 1701 et
1290 1665 1509 1701 Tuditanum

33 1734 199 1768 consules
232 1738 406 1770 secuntur
437 1734 479 1778 Q.
500 1735 688 1770 ,Valerius
727 1739 759 1769 el
793 1735 829 1769 (ἶ.
862 1734 1066 1780 Mamilius,
1108 1735 1236 1782 quibus
1270 1740 1394 1772 mitum
1433 1746 1511 1771 esse

34 1802 76 1846 Q.
115 1804 276 1840 Ennium
309 1807 456 1852 poetam
495 1804 540 1840 M
542 1833 550 1840 .
598 1806 719 1840 Varro
758 1806 793 1839 in
833 1807 953 1851 primo
989 1806 1034 1841 (Ie
1064 1807 1183 1852 poetis
1221 1806 1310 1841 libro
1351 1807 1509 1852 scripsit,

34 1884 186 1922 eumque
215 1886 296 1911 cum
325 1879 512 1924 septimam
543 1882 577 1912 el
603 1877 870 1922 sea-ayesinmm
900 1888 1035 1911 (aunem
1063 1876 1224 1921 liaberet,
1260 1876 1509 1924 ‹Iuocleuiyesi-

33 1955 129 1980 uuam
158 1947 328 1982 cumulem
357 1948 552 1993 scripsisse
580 1947 687 1994 idque
712 1948 831 1992 ipsum
859 1947 1018 1982 Ennium
1046 1949 1081 1982 in
1108 1947 1231 1983 eodem
1254 1946 1343 1982 libro
1374 1947 1508 1982 (licere.

34 2010 292 2052 Coniecturae
342 2015 513 2066 quidem,
554 2027 628 2053 nou
675 2015 858 2053 librorum
907 2016 1147 2065 auctoritati,
1194 2014 1357 2053 debetur
1400 2015 1509 2063 illud,

35 2085 136 2133 qnod
168 2085 329 2136 scripsi,
373 2086 726 2136 duodeuigesimum
766 2085 960 2134 annalem,
1002 2098 1087 2124 cum
1120 2085 1204 2124 libri
1234 2085 1317 2124 fere
1348 2086 1384 2123 in
1417 2085 1509 2124 duo-

34 2154 184 2193 decimo
216 2157 477 2199 consentiant;
516 2169 588 2195 nec
616 2156 727 2195 dubia
759 2156 974 2194 emendatio
1020 2157 1267 2207 respicienti,
1301 2168 1412 2207 quam
1445 2169 1509 2207 pa·

36 2237 115 2262 rum
156 2225 358 2275 probabile
395 2229 464 2275 sit,
508 2228 628 2266 tribus
668 2228 774 2266 annis
806 2228 868 2278 qni
901 2228 1002 2265 uitae
1040 2229 1224 2278 postremi
1256 2234 1363 2266 013111
1396 2227 1511 2277 (obiit

35 2295 132 2332 euim
163 2298 481 2345 septuagenarius
517 2309 614 2336 anno
642 2299 689 2337 ab
714 2311 748 2336 u.
775 2312 806 2336 c.
833 2298 936 2349 535)
968 2303 1122 2349 poetam
1155 2310 1225 2336 sex
1259 2298 1378 2336 libros
1402 2298 1509 2336 1131111

36 2365 84 2403 113
116 2371 279 2414 augusto
312 2366 452 2405 ambitu
483 2370 764 2419 composuisse.

147 2434 206 2472 De
246 2448 403 2474 numero
443 2449 644 2486 uersuum,
685 2445 776 2488 quot
805 2439 944 2488 singuli
975 2439 1060 2476 libri
1091 2439 1366 2486 continuerint,
1410 2438 1510 2487 peri·

37 2504 207 2543 eulosum
243 2512 301 2544 est
346 2507 486 2557 aliquid
524 2507 628 2545 uelle
669 2514 852 2546 statuere.
923 2509 1192 2559 Amplissimos
1231 2508 1351 2554 fuisse
1388 2507 1509 2545 libros

36 2575 258 2614 tractandae
294 2579 478 2616 materiae
510 2577 668 2616 ubertas
700 2577 860 2621 indicat:
902 2590 947 2615 ac
985 2578 1183 2617 breuitatis
1215 2578 1377 2615 studium
1417 2577 1510 2616 alie-

36 2657 120 2683 num
160 2652 242 2684 erat
276 2652 334 2684 et·
355 2659 374 2685 a
406 2649 580 2686 carminis
611 2659 758 2698 genere
791 2654 829 2685 et
860 2653 899 2685 ut
931 2661 951 2685 e
984 2649 1221 2698 longioribus
1255 2660 1354 2698 quae
1394 2661 1511 2699 super

36 2721 122 2753 sunt
152 2716 376 2766 fragmentis
408 2719 607 2770 dispicitur
641 2731 661 2757 a
689 2723 819 2769 poeta.
882 2718 1021 2756 Verum
1053 2724 1177 2755 tamen
1215 2719 1245 2756 si
1283 2719 1373 2757 licet
1405 2720 1440 2756 111
1467 2731 1509 2757 10

36 2784 203 2824 obscura
234 2788 455 2827 coniectura
475 2788 630 2837 ludere,
663 2800 762 2839 quae
794 2801 875 2827 eam
902 2800 1011 2840 quam
1041 2789 1164 2826 auimo
1196 2789 1396 2828 iui'ormaui
1428 2802 1510 2827 car-

1171 2859 1192 2893 b
1211 2859 1229 2876 *
