1762 3057
141 157 221 199 176
524 163 917 200 [NCERTORVM
950 165 1250 201 LIBRORVM

861 275 921 319 XI

595 355 749 410 topper
781 367 911 411 quam
940 368 1066 397 nemo
1097 354 1251 399 melius
1279 357 1359 400 Scit

852 442 930 486 XII

700 520 753 564 ad
784 509 1168 579 armentas'ipsius
1198 522 1376 566 eusdem

701 687 781 731 liae
809 689 932 732 niues

836 778 939 822 XIV

868 857 1011 900 buxus
1042 870 1226 899 araneae

194 1030 241 1066 15
588 1023 732 1067 buxus
761 1024 897 1080 uicta,
939 1027 1066 1069 taxus
1096 1026 1224 1067 tonsa

834 1123 938 1167 XVI

425 1204 555 1260 atque
589 1217 736 1261 genua
766 1201 1007 1260 comprimit
1039 1204 1132 1245 arta
1163 1216 1279 1261 gena

148 1341 193 1365 ost
226 1333 310 1365 libro
337 1334 509 1365 secundo!
560 1335 607 1366 XI
633 1336 751 1367 Festus
776 1346 809 1378 p.
832 1334 899 1367 352
918 1335 961 1366 M.
999 1334 1157 1366 ‘Sinnius
1181 1344 1261 1366 uero
1287 1335 1352 1365 sic:
1380 1340 1534 1377 topper
1559 1334 1627 1366 for-

149 1386 238 1411 tasse
266 1380 352 1411 ualet
381 1381 412 1410 iu
432 1381 515 1411 Enni
539 1387 566 1412 et
588 1382 689 1412 Pacui
717 1383 865 1424 scriptis.
895 1381 986 1422 apud
1012 1381 1156 1412 Ennium
1184 1387 1250 1412 est:
1281 1382 1416 1422 topper'
1445 1393 1473 1412 e.
1497 1392 1528 1421 q.
1551 1392 1578 1411 s.

194 1426 254 1456 XII
283 1426 421 1457 Seruius
453 1427 486 1457 iu
508 1428 590 1458 Aen.
614 1429 658 1458 ΙΙΙ
680 1429 746 1461 540
774 1429 948 1459 ‘dixerunt
975 1428 1074 1458 etiam
1105 1428 1232 1467 antiqui
1263 1433 1451 1458 armenta
1479 1428 1512 1458 in
1530 1427 1627 1459 semi-

150 1473 239 1503 nino.
278 1473 404 1503 Ennius
425 1473 486 1503 ...⁹
526 1473 653 1505 Nonius
674 1485 707 1516 p.
732 1474 807 1507 190.
827 1474 870 1506 ‘20
897 1478 904 1489 ⁶
918 1480 1110 1504 armenta
1130 1483 1252 1515 genere
1271 1480 1387 1505 neutro
1409 1473 1625 1515 plerumque3

149 1518 311 1549 feminino
341 1520 487 1550 Ennius:
522 1520 664 1562 ipsius
686 1521 735 1551 ad
756 1525 977 1555 ,armentas
1005 1520 1193 1557 eosdem;
1222 1520 1266 1551 ad
1283 1521 1456 1551 armenta.'
1502 1520 1626 1551 Paulus

151 1565 238 1595 Festi
259 1575 293 1606 p.
316 1567 336 1596 4
356 1565 397 1595 M.
434 1568 685 1597 ‘armentum
715 1567 749 1597 id
768 1576 875 1608 genus
893 1566 1025 1607 pecoris
1046 1565 1255 1607 appellatur,
1284 1567 1372 1607 quod
1392 1572 1441 1598 est
1468 1566 1624 1597 idoneum

149 1611 192 1641 ad
215 1621 300 1652 opus
325 1622 504 1642 armorum.
550 1614 703 1644 Inuenies
725 1619 836 1644 tamen
861 1612 1021 1643 feminine
1048 1619 1263 1643 armentas
1289 1613 1380 1654 apud
1397 1613 1539 1643 Ennium
1565 1621 1626 1654 po-

151 1657 278 1688 situm.’
326 1658 378 1688 Ad
398 1658 475 1689 Caci
497 1660 551 1697 qni
573 1659 677 1690 boues
698 1659 850 1690 Herculis
871 1659 1027 1700 abegerat
1051 1659 1274 1690 narrationem
1298 1659 1399 1690 refert
1418 1658 1581 1690 Columna

196 1703 277 1734 XIII
315 1705 463 1735 Incertus
494 1704 534 1736 de
565 1706 746 1747 generibus
773 1706 945 1736 nominum
979 1715 1012 1746 p.
1041 1705 1084 1735 82»
1115 1705 1167 1736 ed.
1198 1706 1320 1746 Haupt,
1366 1705 1457 1736 ‘nix
1491 1705 1626 1747 generis

151 1749 322 1785 feminini,
350 1756 385 1780 ut
404 1750 532 1781 Ennius
553 1752 612 1782 ...’
709 1751 787 1783 XIV
814 1751 942 1782 Nonius
961 1761 995 1792 p.
1020 1750 1096 1783 192.
1119 1751 1160 1783 13
1194 1755 1395 1782 ‘araneae
1423 1757 1454 1782 et
1472 1750 1625 1782 feminini

150 1802 225 1826 sunt
246 1797 380 1837 generis
399 1813 445 1819 —
464 1814 506 1819 —
530 1798 656 1828 Ennius
678 1799 736 1829 ...’
831 1797 894 1828 XV
922 1796 1049 1828 Nonius
1068 1807 1101 1838 p.
1127 1797 1201 1834 194,
1222 1796 1264 1829 23
1295 1798 1333 1828 ·b
1345 1807 1465 1828 uxum
1490 1797 1625 1839 generis

150 1843 257 1873 neutri
365 1842 519 1874 feminini
542 1844 669 1874 Ennius
692 1844 760 1874 ...⁹
856 1843 933 1873 XVI
967 1843 1116 1874 Isidorus
1141 1842 1232 1885 Orig.
1263 1843 1309 1874 XI
1341 1843 1355 1874 l
1392 1846 1522 1885 ‘genua
1549 1848 1625 1874 sunt

150 1889 404 1919 commissiones
424 1888 588 1920 femorum
609 1896 639 1920 et
664 1899 795 1920 crurum
820 1895 850 1919 et
871 1889 959 1920 dieta
979 1899 1088 1930 genua
1106 1899 1144 1920 eo
1165 1889 1254 1929 quod
1280 1890 1311 1919 in
1334 1895 1425 1920 utero
1445 1890 1509 1920 siut
1529 1889 1625 1930 genis

154 1935 322 1976 opposita.
372 1934 557 1966 Cohaerent
589 1937 677 1966 enim
707 1936 769 1966 ibi'
798 1936 906 1975 (sibi
930 1935 988 1965 ibi
1009 1934 1130 1976 uulgo)
1158 1939 1208 1966 ‘et
1237 1941 1379 1976 cognata
1403 1941 1479 1966 sunt
1505 1935 1624 1973 ocutis,

154 1980 367 2011 lacrimarum
387 1980 556 2012 indicibus
575 1986 605 2012 et
625 1981 889 2013 misericordiae.
926 1980 1009 2011 Nam
1031 1991 1050 2011 a
1070 1981 1166 2022 genis
1185 1991 1295 2022 genua
1317 1981 1482 2012 dicuntur.
1522 1981 1625 2012 Deni-

153 2037 217 2065 que
243 2025 478 2066 complicatum
506 2027 601 2068 gigni
628 2028 833 2067 formarique
862 2026 1032 2057 homiuem
1057 2027 1189 2063 dicunt,
1223 2027 1268 2057 ita
1293 2033 1326 2057 ut
1352 2037 1462 2068 genua
1490 2037 1623 2058 sursum

151 2073 237 2109 sint,
270 2072 391 2111 quibus
418 2073 505 2103 oculi
531 2074 736 2111 formantur,
770 2079 804 2104 111
831 2073 903 2103 caui
932 2078 961 2103 et
989 2073 1152 2104 reconditi
1181 2072 1270 2103 liant.
1318 2073 1462 2104 Ennius:
1497 2079 1564 2112 atq
1576 2083 1623 2104 110

150 2127 287 2159 genua
317 2119 559 2159 comprimit
591 2125 682 2150 arta
710 2131 758 2161 ge
769 2130 788 2150 n
799 2130 828 2150 a.
877 2118 956 2149 Inde
981 2124 1030 2149 est
1055 2119 1143 2158 quod
1161 2119 1326 2151 homines.
1354 2119 1433 2150 dum
1452 2119 1495 2150 ad
1513 2129 1624 2160 genua

150 2174 185 2195 se
204 2169 429 2205 prosternunt,
450 2165 561 2195 statim
580 2165 805 2197 lacrimantur.
836 2164 949 2196 Voluit
968 2166 1055 2195 enim
1076 2174 1132 2196 eos
1152 2171 1270 2196 natura
1288 2171 1416 2196 uterum
1438 2170 1624 2196 maternum

151 2211 338 2246 reuocare’,
378 2210 618 2252 (remorare
651 2211 760 2243 Guelf.
790 2212 867 2242 duo.
896 2212 1174 2242 rememorari
1205 2210 1327 2253 uulgo)
1361 2212 1441 2242 ‘ubi
1469 2211 1563 2252 quasi
1590 2212 1649 2244 in.

150 2256 296 2287 tenebris
318 2257 548 2290 considebant.
576 2265 753 2298 antequam
774 2257 988 2299 peruenirent
1010 2258 1052 2288 ad
1072 2257 1204 2288 luc-em!
1245 2257 1358 2288 Verba
1376 2268 1461 2297 quae
1478 2262 1554 2288 sunt
1575 2257 1624 2288 ad

150 2312 282 2344 genna
381 2303 655 2335 lacrimantes
678 2304 840 2336 Columna
866 2309 1035 2343 tamquam
1056 2303 1290 2334 hexametrum
1310 2304 1406 2334 Ennii
1426 2303 1623 2345 fragmentis

150 2349 289 2379 adiecit:
313 2358 504 2390 perperam.
546 2351 654 2390 Atque
673 2351 757 2382 adeo
780 2351 820 2381 de
838 2350 941 2381 altero
961 2350 990 2380 si
1008 2350 1059 2381 dis
1079 2349 1188 2391 placet
1208 2350 1306 2380 Ennii
1327 2350 1468 2380 frustulo
1487 2349 1620 2380 dubito:

151 2395 239 2434 quod
276 2394 365 2425 haud
398 2396 467 2427 scio
503 2406 543 2427 an
582 2406 647 2427 non
681 2397 852 2428 diuersum
889 2396 931 2426 sit
964 2396 1004 2426 ab
1040 2395 1111 2426 liis:
1150 2396 1440 2437 imprimitque
1483 2404 1615 2437 genae

149 2450 296 2481 genam
335 2440 458 2483 [Tru-g.
489 2441 596 2482 436],
644 2453 729 2483 quae
758 2443 869 2474 nescio
896 2442 970 2481 quis
1003 2441 1045 2472 ad
1070 2451 1177 2483 genae
1204 2452 1299 2472 usum
1334 2440 1619 2483 comprobandum

149 2487 270 2518 Isidori
295 2487 408 2518 uerbis
433 2489 638 2530 ascripserit.
689 2489 757 2520 Nec
784 2489 871 2520 enim
901 2487 959 2518 illa
982 2493 1017 2518 ut
1048 2497 1134 2518 nunc
1164 2487 1319 2529 leguntur
1342 2488 1519 2528 quicquam
1548 2487 1619 2517 sani

149 2538 204 2562 aut
230 2533 274 2564 ad
300 2544 369 2564 rem
390 2535 634 2566 accommodati
658 2536 843 2573 continent,
870 2544 931 2566 nee
952 2539 1039 2565 caret
1060 2539 1095 2564 111
1114 2539 1194 2575 puto
1224 2534 1277 2565 1110
1296 2533 1388 2564 locus
1411 2533 1529 2564 alienis
1548 2533 1621 2572 11111-

146 2578 289 2610 busdam
312 2579 549 2613 additamentis

205 2698 249 2731 12
282 2695 398 2740 ipsius
421 2696 468 2730 ad
498 2701 684 2732 armentas
708 2696 861 2731 eosdem
886 2695 1026 2732 Nonius
1139 2698 1182 2732 15
1220 2695 1341 2731 uineta
1369 2693 1513 2730 Iunius.
1549 2695 1621 2731 icta

146 2748 339 2786 Mercerus
453 2757 561 2787 taxus
578 2752 723 2788 chnz'us.
747 2753 841 2787 taxis
863 2752 948 2787 libri
