1762 3057
144 164 226 205 180
519 161 898 201 INCERTORVM
930 158 1233 196 LIBRORVM

783 274 972 319 XXXIX

281 365 432 411 Cicero
475 363 591 408 Lael.
633 368 671 416 6,
713 367 767 406 22
813 361 909 422 ‘qui
950 363 1095 420 potest
1135 373 1235 403 esse
1269 358 1359 402 uita
1398 358 1617 410 uitalis,

143 439 189 480 ut
214 435 271 479 ait
291 434 471 487 Ennius,
511 445 623 492 quae
654 445 741 475 non
774 431 815 474 in
848 430 970 475 amici
1000 432 1150 474 mutua
1174 427 1478 472 beneuolentia
1508 441 1620 472 con-

144 505 339 564 quiescat
350 503 388 546 ‘f’

277 663 529 708 Priscianus
555 661 644 706 XV
668 678 709 721 p.
740 668 845 707 1010
867 662 914 706 P.
950 661 985 720 (Ι
1014 678 1054 720 p.
1077 668 1154 706 621
1183 662 1252 720 K.)
1293 660 1480 704 ‘Ennius
1512 673 1622 718 pro-

147 733 345 786 teruiter,
411 731 650 791 ignauiter,
710 730 957 785 inimiciter,
1024 730 1306 783 iracunditer,
1364 729 1620 788 superbiter,

146 801 389 855 temeriter,
424 799 731 859 praeclariter,
777 799 980 854 toruiter,
1020 800 1206 858 puriter,
1255 797 1620 850 reuerecunditer,

147 869 383 924 miseriter,
434 869 730 928 prosperiter.'

839 966 936 1011 XLI

285 1057 532 1103 Macrobius
560 1056 650 1101 Sat.
672 1055 726 1101 III
748 1060 798 1099 12
821 1070 861 1113 p.
878 1061 958 1099 305
973 1055 1066 1099 Jan.
1102 1054 1342 1099 ‘Antonius
1366 1054 1536 1114 Gnipho

150 1127 294 1173 Salios
329 1126 507 1171 Herculi
539 1126 665 1170 datos
697 1124 851 1183 probat
890 1124 932 1167 in
974 1138 1026 1168 eo
1059 1123 1280 1168 uolumine
1312 1138 1398 1183 quo
1436 1124 1627 1183 disputat

151 1196 253 1256 quid
293 1195 348 1240 sit
389 1197 590 1248 festra,
631 1194 747 1253 quod
779 1195 845 1237 est
879 1193 1036 1237 ostium
1070 1192 1361 1237 minusculum
1394 1192 1436 1236 in
1473 1208 1628 1237 sacra-

149 1266 235 1319 rio,
284 1279 370 1324 quo
421 1263 557 1307 uerbo
601 1263 727 1306 etiam
772 1261 939 1306 Ennius
983 1275 1089 1305 usus
1141 1261 1232 1306 est.’
1310 1262 1485 1306 festra
1527 1262 1625 1306 Par.

148 1333 260 1377 Med.
293 1348 315 1376 c
348 1335 389 1376 et
419 1347 444 1376 a
480 1331 562 1375 nisi
595 1331 712 1390 quod
751 1331 793 1374 in
827 1330 910 1375 hoc
940 1345 1002 1374 ne
1035 1329 1380 1389 superscriptum
1408 1333 1486 1375 est.
1514 1331 1628 1374 idem

151 1402 400 1446 coniectura
450 1402 679 1444 assecutus
730 1402 821 1443 erat
868 1399 1068 1459 Scaliger
1115 1399 1168 1443 ad
1220 1398 1410 1443 Festum.
1482 1400 1629 1443 festa

151 1470 301 1515 Bamb.
336 1470 483 1513 feste
521 1468 631 1513 Gud.
670 1469 919 1512 fenestra
956 1468 1066 1518 Med.
1096 1468 1121 1511 b
1155 1467 1312 1512 Salisb.
1374 1466 1436 1512 Cf.
1462 1467 1627 1512 Paulus

152 1539 269 1583 Festi
313 1553 353 1596 p.
403 1543 452 1582 91
496 1537 550 1581 Μ.
612 1538 869 1581 ‘festram
911 1537 1074 1597 antiqui
1126 1536 1325 1581 dicebant
1371 1551 1501 1597 quam
1547 1551 1629 1580 nos

153 1605 417 1651 fenestram.'
491 1605 655 1650 Placidi
696 1604 841 1650 Gloss.
886 1606 958 1664 (A.
997 1605 1081 1650 Mai
1122 1608 1232 1650 auct.
1269 1605 1397 1650 class.
1440 1605 1494 1649 III
1525 1605 1626 1664 464)

156 1681 166 1698 ⁴
177 1677 226 1720 fe
239 1691 259 1721 s
272 1678 287 1719 t
298 1691 319 1719 r
329 1690 354 1719 a
366 1689 428 1729 m,
468 1674 729 1720 fenestram.'

833 1751 950 1796 XLII

290 1840 474 1886 Seruius
505 1840 548 1884 in
579 1841 690 1884 Aen.
724 1839 760 1883 ΙΙ
789 1845 865 1883 651
916 1839 1287 1896 ‘praepositiones
1317 1839 1389 1883 uel
1424 1838 1631 1884 aduerbia

154 1910 196 1954 in
229 1926 255 1954 a
293 1909 497 1954 exeuntia
534 1909 664 1952 modo
691 1908 937 1966 producunt
968 1907 1161 1951 ultimam
1201 1907 1408 1963 litteram,
1445 1910 1628 1966 excepto

155 1982 284 2037 puta
313 1981 353 2021 et
379 1979 475 2031 ita,
507 1992 618 2036 quae
645 1976 759 2034 apud
783 1975 968 2020 Ennium
994 1978 1035 2019 et
1058 1975 1297 2020 Pacuuium
1322 1976 1472 2021 breuia
1503 1976 1630 2020 sunt?

829 2084 964 2130 XLIII

293 2177 458 2221 Paulus
498 2176 615 2221 Festi
656 2191 697 2234 p.
736 2181 788 2220 62
827 2175 882 2219 M.
932 2172 1299 2232 ‘corpulentis
1339 2173 1506 2218 Ennius
1550 2187 1631 2232 pro

155 2245 326 2304 magnis
353 2245 485 2290 dixit?

823 2309 967 2354 XLIV

294 2399 460 2444 Paulus
497 2400 611 2444 Festi
651 2415 691 2457 p.
734 2405 808 2443 111
843 2399 897 2442 M.
945 2397 1148 2457 ‘inseque
1183 2397 1296 2455 apud
1334 2397 1520 2441 Ennium
1551 2397 1630 2441 dic.

160 2467 370 2512 insexit
401 2469 582 2513 dixerit?
638 2467 702 2513 Cf.
728 2468 841 2511 Ann.
866 2466 907 2510 X
937 2467 986 2510 fr.
1015 2466 1030 2509 I

779 2576 784 2579 ’
834 2577 957 2622 XLV

294 2663 458 2708 Paulus
498 2664 613 2709 Festi
654 2681 694 2723 p.
733 2672 784 2710 59
823 2666 876 2709 M.
926 2665 1263 2710 ‘crebrisuro
1301 2663 1415 2722 apud
1449 2663 1632 2708 Ennium

161 2730 377 2789 significat
404 2732 564 2776 uallum
598 2734 760 2778 crebris
793 2734 908 2777 suris
935 2734 974 2777 id
1003 2736 1069 2777 est
1097 2733 1205 2790 palis
1233 2732 1468 2776 munitum!
