1762 3057
681 194 982 228 ENNIANAE
1436 198 1569 226 XXVII

97 304 243 342 Nonius
276 316 312 355 p.
351 304 452 352 197,
487 303 510 341 8
544 310 581 342 et
606 302 801 342 Charisius
834 303 849 341 l
876 316 910 355 p.
945 303 996 341 55
1029 303 1066 340 P.
1095 303 1330 351 coniungunt
1361 303 1456 351 (inc.
1489 301 1571 338 sed.

99 373 252 425 XXV),
286 386 360 412 non
389 375 511 425 possit
544 386 617 411 non
660 386 708 412 ex
748 374 944 412 annalibus
983 375 1236 424 depromptus
1278 385 1380 411 esse.
1436 371 1571 422 Neque

100 456 194 482 uero
226 445 301 483 alio
334 430 689 496 saepiuscarmine
722 447 778 483 usi
811 451 895 482 sunt
930 446 1166 494 grammatici
1208 456 1316 495 quam
1358 444 1571 488 annalibus„

101 520 138 552 ut
169 516 198 552 si
231 516 277 554 de
310 524 425 554 uersu
454 517 678 554 hexametro
712 523 846 566 agatur
878 522 940 554 aut
973 518 1036 566 qni
1067 516 1241 554 uideatur
1268 527 1358 553 esse
1395 515 1573 553 hexame-

100 591 173 634 ter⁷
205 587 369 624 omnium
403 587 745 638 p1·imum‚cogites
776 586 822 623 de
851 586 1061 623 annalibus.
1103 586 1236 625 Eidem
1256 586 1448 637 episodio,
1483 574 1572 623 conss

101 656 178 695 lato
207 658 369 695 maxime
401 657 586 706 Aeschyli
614 658 737 695 Prom.
773 656 866 703 2147
901 658 1033 694 nescio
1069 670 1114 695 an
1143 658 1188 695 fr.
1220 657 1326 707 LIX⁷
1359 659 1390 696 si
1423 658 1573 708 quidem

102 733 210 766 recte
242 741 262 766 a
290 736 348 766 rn'e
377 729 616 767 emendatum
648 734 720 776 est,
755 728 978 765 conueniat:
1014 728 1113 778 quod
1146 728 1209 776 ibi7
1241 728 1303 766 ubi
1334 741 1432 766 nunc
1458 728 1573 766 habe-

101 805 174 848 tur,
207 811 337 850 parum
370 806 457 851 apte
478 800 690 841 conlocari
721 810 810 837 sero
843 798 1043 847 intellego.

216 868 309 908 Cum
349 870 501 909 Albano
541 883 636 921 rege
682 872 836 909 Aeneas
883 869 1131 919 congreditur
1177 869 1355 916 (XXVII.
1385 868 1574 907 -XXVIIL

102 940 241 979 XXIX.
275 940 395 979 XXX.
428 942 590 994 XXXI).
622 942 720 981 Alba
751 942 862 980 enim.
895 941 957 979 ubi
988 953 1073 989 res7
1111 941 1158 979 (le
1198 941 1336 992 quibus
1377 940 1471 978 inl'ra
1511 953 1575 978 ex-

103 1024 262 1063 1101131111Ἴ
292 1012 384 1050 Iliae
416 1020 614 1063 geruntur7
646 1013 745 1064 apud
778 1012 937 1051 Ennium
967 1011 1084 1049 multo
1124 1018 1211 1049 ante
1240 1011 1398 1050 Aeneae
1438 1013 1578 1050 aduen-

105 1090 180 1122 tum
214 1082 405 1125 extruct'a2
445 1085 614 1123 utillum
657 1083 843 1123 credibile
882 1085 930 1121 sit
972 1083 1176 1121 confestim
1213 1083 1258 1120 ad
1305 1084 1404 1136 hune
1445 1095 1576 1131 regem

104 1155 341 1206 perrexisse.
396 1154 626 1193 Sciscitante
658 1155 772 1205 igitur
791 1154 916 1193 Albae
945 1167 1041 1204 rege
1071 1154 1381 1193 (le-aduenarum
1414 1156 1577 1203 origine„

104 1226 191 1264 inde
222 1237 242 1263 a
286 1224 378 1263 Ioue
410 1225 535 1274 gentis
568 1226 755 1276 principia
795 1225 971 1271 deducit„
1014 1237 1087 1263 non
1130 1226 1241 1264 aliter
1266 1232 1378 1276 atque
1422 1226 1473 1271 is„
1517 1226 1579 1275 qui

105 1296 228 1334 Ennio
260 1295 554 1345 obuersahatur,
584 1296 737 1334 Homeri
760 1295 916 1335 Aeneas
945 1296 988 1334 Il.
1021 1299 1056 1334 Y
1077 1296 1178 1334 215:
1211 1298 1361 1347 qnando
1386 1297 1443 1335 his
1464 1296 1579 1335 Grae-

94 1366 163 1413 lcls
182 1366 306 1418 (239)
329 1360 570 1418 Ἀσσάρακος
590 1364 632 1405 δὲ
647 1362 804 1417 Κάπυν,
827 1362 846 1406 ὃ
869 1362 901 1406 δ’
919 1362 969 1419 ἂρ
981 1362 1163 1420 Ἀγχίσην
1183 1366 1265 1406 τέκε
1286 1367 1424 1414 παῖδας
1444 1359 1583 1417 Αὐτὰρ

112 1431 166 1488 ἔμ’
187 1432 362 1489 Ἀγχίσης
392 1437 630 1488 respondent
662 1439 745 1476 fere
778 1439 821 1477 ad
851 1439 1009 1477 uerbum
1041 1439 1210 1477 Enniana
1254 1442 1441 1477 Assaraco
1475 1445 1584 1481 natus

108 1513 216 1559 Cupis
255 1514 408 1558 optimus
446 1512 546 1558 isque
579 1514 682 1558 pium
721 1524 770 1549 eae
808 1524 846 1549 se
879 1514 1060 1549 Anchisen
1099 1518 1252 1560 [senet-al
1281 1509 1465 1559 (xxlx).
1523 1508 1580 1546 De

109 1593 154 1619 ea
191 1580 339 1630 origine
377 1579 425 1617 cf.
460 1578 707 1629 Philargyrus
740 1583 775 1619 in
812 1581 955 1631 Georg.
988 1582 1039 1620 III
1071 1582 1122 1619 35)
1157 1588 1193 1619 et
1224 1582 1383 1619 Seruius
1415 1582 1449 1617 in
1483 1580 1578 1617 Aen.

110 1651 161 1689 Vl
186 1650 280 1698 778,
314 1650 431 1688 Silius
460 1649 616 1689 Italicus
635 1652 688 1690 XI
711 1652 789 1691 290
808 1666 893 1703 sqq.
948 1653 1106 1691 Ennium
1135 1659 1289 1690 secutus
1314 1657 1373 1689 est
1390 1650 1586 1699 Vergilius

111 1721 230 1772 (Aen.
263 1720 352 1759 vlll
381 1719 456 1757 127
470 1724 601 1773 sqq),
637 1725 698 1774 qui
726 1724 897 1765 Aeneam
929 1724 1020 1762 facit
1043 1723 1221 1761 Euandro
1254 1723 1335 1772 regi
1367 1722 1414 1760 de
1435 1722 1584 1769 origine

109 1793 266 1843 generis
312 1797 566 1829 enarrantem.
638 1793 673 1831 ls
722 1807 803 1832 cum
842 1795 1059 1842 Atlantem,
1094 1787 1308 1832 ‘aetherios
1349 1805 1481 1831 umero
1523 1793 1586 1842 qui

111 1865 273 1902 sustinet
295 1862 432 1900 orbes'
462 1864 586 1915 (1:37)
613 1866 675 1903 uel
699 1859 818 1903 ‘caeli
842 1867 904 1917 qui
924 1866 1050 1904 sidera
1070 1866 1187 1904 mitit*
1209 1865 1350 1915 (141),
1380 1864 1477 1901 inter
1494 1875 1587 1912 gen-

112 1934 158 1971 tis
187 1939 366 1972 auctores
399 1934 577 1985 designet
609 1943 723 1987 atque
757 1936 831 1973 hoc
864 1924 1068 1987 praeterea
1099 1948 1278 1974 sermone
1305 1934 1477 1973 Enniano
1509 1940 1585 1971 uta-

115 2010 174 2042 tur
202 2007 329 2052 accipe
350 2007 468 2054 daque
494 2009 624 2061 βάψῃ.-
657 2019 732 2045 non
766 2008 847 2044 sine
880 2008 994 2045 nndta
1025 2008 1297 2058 probabilitate
1317 2011 1354 2043 et
1372 2006 1416 2043 sr.
1444 2003 1588 2042 xxvll

114 2075 161 2114 de
190 2075 344 2114 Atlante
378 2076 605 2125 intellegas,
646 2088 758 2126 quem
786 2079 822 2115 in
859 2090 1089 2128 proauorum
1129 2088 1287 2116 numero
1317 2076 1472 2113 Aeneas
1511 2075 1589 2112 lau-

115 2147 276 2195 dauerit,
307 2152 344 2184 et
374 2146 418 2184 fr.
444 2145 553 2184 XXX
584 2147 709 2185 eidem
732 2148 890 2187 Aeneae
920 2150 1121 2187 amicitIam
1153 2149 1461 2197 societatemque
1505 2158 1588 2184 cum

117 2229 212 2265 rege
230 2216 382 2255 Albano
405 2205 576 2267 iungeuti
608 2218 805 2257 attrIbuas.
854 2219 931 2257 Sed
966 2232 1012 2256 ne
1036 2219 1133 2257 haec
1159 2219 1335 2270 quidem,
1370 2230 1468 2268 quae
1498 2228 1585 2265 reg—

118 2294 181 2326 nat
222 2288 257 2324 in
294 2287 352 2325 his
381 2287 498 2325 rebus
530 2289 785 2337 incertitudo,
827 2289 1078 2327 confidentius
1107 2302 1198 2327 uera
1231 2301 1318 2327 esse
1348 2288 1589 2326 adfirmarim.

118 2358 202 2396 Nec
230 2358 328 2395 enim
358 2358 406 2395 ita
445 2359 704 2397 reiectaneum
740 2365 821 2408 est,
869 2359 971 2410 quod
998 2360 1065 2398 illo
1090 2372 1203 2397 uersu
1236 2358 1422 2409 (xxvll)
1460 2358 1589 2395 Iouem

119 2429 325 2478 significari
365 2427 536 2465 editores
567 2417 799 2467 statuerunt:
840 2430 876 2467 in
908 2442 1019 2480 quam
1050 2442 1128 2467 rem
1156 2429 1308 2468 Merula
1348 2440 1423 2466 non
1461 2429 1591 2478 inepte

118 2499 194 2537 hoc
232 2497 376 2548 Orphei
412 2499 448 2534 in
485 2498 631 2545 hymnis
672 2511 787 2537 uersu
819 2501 895 2538 Ζεῦ
926 2494 1066 2551 πάτερ,
1108 2493 1352 2551 ὑψίὸρομον,
1390 2494 1593 2549 πυραύγεα

120 2565 266 2619 κόσμον
295 2564 471 2606 ἐλαύνων
499 2568 625 2605 utitur.
653 2619 658 2625 ι
690 2569 818 2620 Atque
859 2569 906 2607 de
936 2562 1037 2606 'Ioue
1057 2569 1261 2608 ·intelle'xit
1291 2570 1401 2608 Ennii
1440 2581 1593 2607 uersum

122 2639 292 2677 Isidorus
329 2638 397 2688 (de
432 2645 506 2677 nat.
541 2652 615 2677 rer.
659 2652 691 2677 c.
730 2639 778 2677 12
814 2629 850 2691 p.
891 2638 968 2678 981
1011 2639 1176 2688 Magn),
1218 2644 1331 2689 quem
1367 2640 1426 2678 his
1462 2639 1592 2677 verbis

120 2714 182 2759 qui
223 2712 339 2746 uoluis
381 2713 503 2747 orbem
553 2715 674 2749 stellis·
708 2714 918 2749 (malentibus
964 2713 1203 2759 resumentem
1242 2710 1377 2748 imitari
1428 2709 1590 2747 uidetur.

121 2779 257 2830 Neque
297 2780 389 2818 illud
430 2781 554 2829 magni
603 2783 728 2831 facio,
781 2782 882 2832 quod
918 2781 1137 2820 Macrobius
1178 2781 1257 2820 Sat.
1295 2780 1348 2819 VI
1380 2781 1396 2818 1
1441 2793 1477 2831 p.
1512 2778 1591 2818 498
