1762 3057
203 205 281 233 mv
738 193 1151 238 QVAESTIONES

203 307 369 355 Pyrrhus
408 306 497 343 dicit
534 306 616 342 siue
649 302 811 351 Cineas,
853 303 1052 339 uictoriam
1084 302 1234 339 scilicet
1264 301 1565 340 Heracleensem
1603 312 1677 338 non

204 378 323 416 fuisse
357 376 578 422 uictoriam,
611 374 786 424 quoniam
819 372 977 410 Romani
1002 385 1044 410 se
1070 373 1194 410 uictos
1226 384 1299 410 non
1330 372 1552 410 faterentur.

318 445 450 483 Asculi
490 456 652 495 pugnam
686 455 794 481 unum
826 442 1016 491 significat
1050 442 1225 480 indicium
1259 442 1306 479 de
1337 441 1482 490 Decio,
1522 447 1562 479 ut
1590 442 1677 480 mihi

206 519 325 555 uisum
356 522 436 565 est,
475 520 639 565 nepote7
682 513 743 563 qui
777 513 876 563 apud
898 512 1058 550 Ennium
1096 514 1213 563 patris
1245 513 1382 564 auique
1408 512 1588 563 exemplo
1621 512 1679 550 dis

206 587 376 626 manibus
416 599 458 623 se
501 584 714 623 deuouerit.
778 583 899 631 Quam
940 595 1019 620 rem
1057 590 1184 621 notum
1224 589 1283 620 est
1319 596 1339 621 a
1371 583 1476 620 nullo
1515 584 1677 634 scripto-

208 668 248 693 re
280 656 483 692 memorari
525 661 681 706 praeter
711 652 941 692 Ciceronem
977 653 1111 701 (Tusc.
1139 652 1155 690 Ι
1185 652 1261 701 37,
1295 652 1358 691 89.
1391 654 1438 691 de
1471 654 1532 691 lin.
1569 653 1606 691 b.
1641 659 1680 691 et

208 739 253 762 m.
280 724 313 762 II
340 726 411 774 19,
445 726 509 765 61:
535 726 584 765 cf.
618 725 869 764 Freinshemii
899 724 1096 775 Supplem.
1129 723 1220 760 Liuii
1244 722 1296 760 III
1320 723 1415 774 42):
1451 737 1562 775 quem
1590 723 1678 762 Nie-

208 796 362 833 buhrius
393 796 487 834 Hist.
517 796 626 834 Rom.
651 796 703 834 III
735 795 815 833 592
849 807 1032 845 perquam
1062 793 1315 844 probabiliter
1347 807 1429 832 eam
1460 796 1680 833 memoriam

208 878 257 903 ex
276 865 386 903 Ennii
418 867 616 905 annalibus
647 867 823 905 hausisse
852 866 1067 904 arbitratur.
1120 864 1170 900 Vt
1191 864 1283 901 nihil
1307 864 1437 902 obstet
1464 866 1680 915 quominus

208 934 274 972 has
304 947 444 985 preces
475 949 568 987 quas
599 937 643 974 fr.
674 936 799 974 XVIII
830 936 951 974 refert
982 935 1092 973 Decii
1123 946 1211 971 esse
1238 934 1509 972 existimemus.

322 1006 482 1044 Restant
512 1008 580 1044 tria
608 1007 820 1056 fragmenta
849 1005 972 1055 (XIX.
1006 1004 1089 1042 XX.
1122 1003 1256 1054 XXI),
1286 1005 1491 1055 quaesere
1514 1018 1590 1044 non
1615 1007 1679 1045 du-

208 1076 286 1113 bito
320 1078 408 1127 quin
441 1088 461 1113 e
488 1076 603 1114 rebus
626 1076 671 1114 ad
694 1076 952 1121 Beneuentum
976 1077 1096 1125 gestis
1120 1075 1346 1125 deprompta
1371 1076 1456 1113 sint.
1505 1076 1559 1115 Ita
1583 1078 1680 1115 enim

208 1144 434 1183 Plutarchus
456 1146 503 1184 de
524 1146 669 1194 Pyrrho
694 1147 739 1185 ad
767 1153 890 1185 castra
914 1146 1083 1184 Romana
1105 1145 1378 1195 proficiscente
1404 1157 1438 1182 c.
1463 1146 1535 1184 25:
1568 1143 1681 1186 σπεύ-

210 1214 290 1252 δων
319 1205 392 1252 οὖν
422 1210 440 1253 ὃ
464 1212 624 1267 Πύρρος
654 1215 866 1255 ἐπιθέσθαι
887 1211 1047 1263 τούτοις,
1077 1214 1171 1267 πρὶν
1192 1213 1362 1261 ἐκείνους
1387 1208 1579 1265 ἐπελθεῖν,
1611 1211 1681 1255 ἅν-

210 1284 304 1334 ὄρας
336 1298 375 1322 τε
412 1279 501 1332 τοὺς
541 1286 766 1337 κρατίστους
801 1285 868 1324 καὶ
905 1288 982 1324 τῶν
1011 1286 1165 1338 θηρίων
1194 1278 1240 1323 τα
1271 1281 1521 1335 μαχιμώτατα
1551 1280 1683 1337 λαβὼν

211 1368 392 1400 νυκτος
420 1350 643 1406 ὥρμησεν
673 1350 753 1396 ἐπὶ
791 1350 841 1394 τὸ
872 1351 1223 1408 στρατόπεδον.
1281 1350 1466 1408 περιϊόντι
1503 1353 1544 1393 δὲ
1574 1349 1681 1410 αὐτῷ

210 1420 368 1475 μακρὰν
404 1424 470 1463 καὶ
509 1427 668 1465 δασεῖαν
697 1422 808 1473 ῧλαις
844 1420 938 1466 ὁδὸν
975 1421 1065 1465 οὐκ
1107 1419 1308 1476 ἆντὲσχε
1348 1419 1401 1463 τα
1435 1427 1569 1475 φῶτα
1616 1423 1683 1463 καὶ

209 1489 354 1533 πλάναι
398 1498 478 1543 τοῖς
516 1493 767 1548 στρατιώταις
804 1496 1031 1547 συνέτυχον·
1078 1494 1143 1534 καὶ
1180 1495 1268 1548 περὶ
1311 1498 1432 1534 ταῦτα
1476 1494 1683 1547 γινομένης

211 1564 412 1615 διατριβῆς
442 1560 468 1616 ἦ
503 1581 549 1604 τε
584 1561 670 1615 νὺξ
700 1566 896 1605 ἐπέλιπε
926 1565 1007 1604 καὶ
1029 1555 1403 1616 καταφανὴςῆν
1424 1560 1502 1615 ἅμ’
1527 1560 1682 1620 ’ἡμέρα

211 1637 316 1680 τοῖς
352 1637 616 1686 πολεμίοις
647 1630 982 1689 ἐπερχόμενος
1013 1630 1108 1674 ἆπὸ
1136 1638 1230 1674 τῶν
1262 1631 1446 1689 ἄκρων,
1488 1631 1581 1674 ὥστε
1608 1634 1681 1675 θό-

213 1705 334 1755 ρυβον
363 1700 488 1744 πολὺν
519 1705 585 1744 καὶ
622 1708 776 1757 κίνησιν
801 1708 1024 1756 παρασχεῖν.
1087 1704 1145 1744 Cf.
1177 1706 1409 1745 Niebuhrius
1440 1707 1536 1744 Hist.
1571 1706 1679 1744 Rom.

210 1774 261 1812 III
293 1775 384 1814 608.
446 1775 489 1813 Ei
518 1776 710 1815 Plutarchi
734 1777 939 1815 narrationi
965 1788 1039 1813 non
1063 1776 1188 1815 habeo
1215 1778 1317 1828 quod
1343 1778 1389 1816 ad
1415 1777 1679 1815 commendan-

211 1846 294 1884 dam
331 1846 481 1884 illorum
513 1859 693 1885 uersuum
736 1848 1043 1884 conlocationem
1084 1853 1146 1884 aut
1186 1860 1339 1885 sensum
1383 1859 1513 1885 eorum
1557 1849 1679 1898 aperi-

211 1916 346 1953 endum
398 1916 572 1954 adiciam.
650 1916 689 1953 In
736 1923 909 1953 extremo
955 1916 1052 1953 libro
1097 1916 1197 1953 illam
1251 1929 1269 1954 a
1311 1915 1501 1955 Cicerone
1548 1918 1595 1955 de
1637 1930 1679 1955 re

212 1985 365 2035 publica
402 1985 454 2022 III
493 1986 537 2033 3,
583 1987 606 2023 6
637 1986 809 2023 traditam
846 1986 901 2023 M*
945 1985 1048 2023 Curii
1088 1986 1236 2023 laudem
1271 1987 1465 2036 egregiam
1503 1988 1679 2038 adposui,

211 2068 283 2092 non
321 2054 614 2105 inprobabiliter
652 2057 812 2106 opinor7
854 2058 884 2094 si
925 2069 1051 2094 rerum
1093 2057 1126 2092 in
1166 2063 1338 2093 extremo
1376 2058 1538 2095 maxime
1574 2058 1679 2096 bello

210 2138 228 2163 a
264 2124 379 2162 Curio
411 2131 604 2174 gestarum
637 2132 673 2162 et
704 2125 917 2163 ubertatem
949 2132 986 2163 et
1014 2126 1265 2175 granditatem
1300 2127 1500 2177 respicias
1562 2127 1680 2166 Extu-

213 2197 297 2233 lerit
338 2196 449 2245 igitur
485 2196 588 2234 illum
622 2208 775 2233 uersum
806 2196 949 2234 Ennius
981 2197 1042 2234 uel
1076 2197 1109 2234 in
1143 2196 1357 2234 enarrando
1391 2196 1568 2247 triumphi
1599 2199 1680 2236 eius

211 2278 285 2316 quo
319 2269 417 2303 enon
452 2266 647 2316 pulchrior
676 2267 773 2304 ullus
801 2273 862 2305 aut
893 2267 1110 2317 speciosior
1143 2268 1177 2304 in
1207 2266 1337 2304 urbem
1365 2267 1537 2304 intrauit'
1571 2266 1679 2317 (Flo-

212 2349 274 2373 rus
301 2336 402 2386 Epit.
426 2336 441 2374 I
467 2336 514 2373 ⁷13
549 2349 585 2386 p.
611 2336 661 2374 25
685 2336 815 2387 Jahn.)
849 2337 1057 2386 splendore
1087 2350 1131 2375 ac
1163 2337 1458 2386 magnificentia.
1509 2337 1567 2375 Ac
1593 2338 1679 2376 (111111

211 2408 377 2445 uirorum
417 2407 477 2456 qui
518 2405 593 2443 hoc
629 2405 733 2443 bello
774 2406 991 2444 claruerunt
1030 2414 1101 2445 tam
1136 2408 1237 2445 domi
1273 2406 1541 2457 praestantiam
1568 2419 1679 2457 quam

210 2476 363 2514 militiae
401 2477 576 2514 uirtutem
616 2475 797 2513 aduerto:
846 2477 908 2514 uel
953 2477 1120 2516 Fabricii
1163 2479 1400 2525 memineris,
1452 2477 1539 2526 equi
1583 2477 1677 2514 difli-

211 2546 319 2582 cilius
369 2546 415 2584 ab
472 2546 605 2583 itinere
656 2547 742 2583 iusti
797 2553 833 2585 et
887 2548 1036 2585 honesti
1095 2561 1205 2598 quam
1255 2560 1274 2585 a
1327 2559 1437 2585 cursu
1489 2557 1557 2583 suo
1618 2546 1678 2584 sol

211 2616 330 2651 auerti
373 2616 516 2665 potuit'
554 2622 590 2653 et
630 2617 710 2654 eius
741 2630 844 2665 quem
875 2631 977 2655 nemo
1004 2621 1110 2666 ferro
1143 2631 1209 2656 nec
1239 2632 1329 2655 auro
1359 2629 1541 2665 superare
1563 2620 1681 2664 poluit

212 2683 469 2734 aliorunque:
515 2686 690 2723 ‘illorum
724 2692 937 2736 temporum
977 2689 1148 2736 speciem
1189 2686 1387 2736 amplexus
1419 2686 1541 2723 animo
1571 2687 1675 2724 uide-

212 2757 269 2789 tur
308 2758 443 2802 poeta7
484 2767 565 2792 cum
606 2759 762 2793 moribus
797 2760 956 2805 uirisque
993 2760 1148 2805 antiquis
1186 2768 1262 2793 rem
1300 2759 1505 2794 Romanam
1540 2761 1677 2794 stetisse
