1762 3057
210 196 357 224 xxvlit
741 187 1150 232 Qx'AES'l‘toNES

203 299 288 337 Jau.
324 313 406 337 eum
440 300 547 337 Ennii
580 312 692 337 uersu
722 298 821 336 huuc
857 310 969 349 quem
1001 297 1198 347 Vergilius
1229 303 1268 335 et
1307 297 1404 335 Aen.
1440 297 1490 336 1V
1525 296 1605 335 482
1642 303 1681 335 et

204 369 255 407 Vl
288 370 366 408 797
399 371 446 408 de
480 371 631 409 Atlante
672 367 806 408 extulit
837 379 947 404 curem
980 379 1105 407 umero
1146 374 1287 417 torquet
1325 372 1435 407 stellis
1469 371 1680 407 ardentibus

204 448 328 489 aptum
373 442 608 492 composuit:
658 441 691 477 ni
730 441 859 477 mirum
900 438 965 476 ille
1007 445 1205 478 extremae
1243 446 1382 478 tantum
1422 445 1460 477 et
1499 439 1589 478 alibi
1628 438 1675 477 ab

204 512 325 550 Ennio
380 512 571 550 adhibitae
625 511 828 549 locutionis
881 513 990 548 stellis
1030 513 1251 560 fulqentibus
1297 510 1400 560 (siue
1446 510 1677 560 ardentibus)

202 590 326 631 aptum
361 583 544 620 rationem
576 580 717 619 habuit.
751 580 887 631 Neque
914 586 1039 619 tamen
1071 582 1249 632 quoniam
1280 581 1413 620 Iouem
1441 587 1580 620 tantum
1602 592 1677 619 non

204 653 408 703 oportebat
450 653 495 690 ab
536 653 668 690 Aenea
707 652 873 692 laudam
921 652 1008 690 ideo
1049 658 1108 690 est
1146 658 1183 689 ut
1223 652 1309 691 hinc
1349 666 1502 691 uersum
1546 653 1678 691 iubeas

204 723 376 762 exulare.
437 724 485 761 At
524 736 616 761 uero
649 723 812 761 Atlantis
855 735 1009 774 quoque
1047 723 1219 762 Aeneam
1259 725 1490 763 mentionem
1531 725 1676 763 fecisse

201 795 398 844 Vergilius
431 795 542 832 tidem
575 795 684 831 facit:
727 800 761 831 ut
795 794 868 831 huc
898 800 1007 832 recte
1046 795 1293 845 ascripserim
1322 796 1447 834 Seruii
1486 796 1544 845 (in
1577 795 1674 833 Aen.

202 866 215 904 Ι
244 866 335 903 741.
360 866 411 904 IV
434 865 532 916 246)
566 865 611 903 de
636 864 869 906 Telamone,
904 865 1068 903 Atlantis
1102 866 1252 903 nomine
1274 865 1469 915 Romano,
1504 868 1674 905 testimo-

202 938 299 974 nium
318 936 538 988 (XXVIII).
572 937 654 974 Hoc
672 937 769 974 enim
787 935 946 974 Ennium
966 948 1033 974 suo
1051 948 1173 974 more.
1193 949 1304 987 quem
1323 950 1438 988 supra
1457 939 1581 989 tetigi,
1600 945 1674 978 sta-

201 1009 262 1045 tim
299 1009 332 1045 in
367 1009 484 1058 prima
507 1007 671 1045 Atlantis
699 1006 959 1057 adpellatione
991 1007 1193 1057 probabile
1221 1014 1279 1046 est
1300 1009 1505 1047 adiecisse.
1556 1008 1674 1059 Frag-

200 1085 324 1116 meuto
357 1078 463 1116 XXX
493 1079 594 1130 quod
626 1079 713 1116 item
744 1078 902 1116 Aeneae
936 1078 1052 1116 uerba
1085 1080 1270 1116 contineri
1300 1079 1476 1129 Vergilio
1509 1081 1675 1119 conlisus

199 1151 331 1197 statui7
367 1156 543 1200 poterant
575 1149 639 1187 illa
673 1161 796 1199 aeque
830 1149 928 1188 bene
964 1150 1010 1187 ab
1050 1150 1202 1188 Albano
1242 1163 1336 1200 rege
1377 1152 1525 1188 efferri:
1574 1151 1673 1201 apud

199 1221 422 1269 Dionysium
446 1221 597 1271 quidem
616 1219 736 1258 Halic.
757 1219 885 1270 Antiq.
905 1218 1016 1258 Rom.
1041 1220 1055 1257 Ι
1078 1221 1129 1258 58
1156 1234 1192 1272 p.
1221 1222 1292 1259 149
1311 1221 1442 1260 Reisk.
1463 1222 1614 1260 Latinus
1638 1223 1672 1259 in

198 1292 295 1329 hanc
329 1291 438 1329 Ennii
481 1292 608 1329 uersui
650 1290 875 1328 simillimam
915 1293 1162 1330 sententiam:
1205 1293 1350 1340 πίστεις
1387 1286 1536 1331 τούτων
1579 1287 1675 1341 ἀξιῶ

199 1363 336 1401 ὸοῦναι
366 1361 430 1400 καὶ
469 1363 621 1413 λαβεῖν,
654 1362 696 1399 αἳ
733 1357 974 1411 φυλάξουσιν
1012 1356 1107 1412 ἡμῖν
1144 1358 1310 1411 ἀδόλους
1356 1357 1424 1409 τὰς
1467 1357 1673 1414 ὁμολογίας

198 1433 377 1483 loquitur.
441 1432 497 1470 Ad
531 1433 689 1470 Aeneae
732 1444 807 1470 non
838 1433 1037 1470 admodum
1071 1434 1227 1472 breuem
1259 1435 1543 1485 expositionem
1574 1447 1672 1486 quae

198 1516 264 1541 rex
291 1503 413 1541 Albae
445 1505 689 1553 responderit
719 1504 931 1541 nescimus:
966 1505 1156 1554 praemitti
1185 1505 1218 1543 ei
1247 1516 1438 1556 responso
1470 1505 1515 1542 fr.
1544 1504 1670 1542 XXXI

198 1574 367 1623 uidetur,
409 1574 508 1624 quod
540 1581 664 1612 tamen
696 1576 810 1613 facile
852 1576 1062 1613 concedam
1096 1576 1207 1613 etiam
1247 1575 1336 1613 alibi
1375 1582 1499 1627 aptam
1539 1576 1670 1613 sedem

196 1644 366 1682 nancisci
408 1645 603 1694 potuisse„
646 1645 749 1683 uelut
783 1646 873 1683 illud
914 1658 988 1683 nou
1030 1648 1197 1697 ineptum
1239 1654 1318 1696 est,
1358 1647 1459 1698 quod
1500 1646 1671 1684 editores

197 1726 243 1752 eo
266 1727 380 1752 uersu
405 1715 594 1753 Amulium
623 1716 818 1765 designari
846 1716 1061 1755 uoluerunt.
1141 1718 1198 1756 Ad
1224 1717 1382 1756 Aeneae
1401 1730 1560 1767 regnum
1584 1729 1670 1768 per-

193 1786 286 1823 tinet
314 1785 551 1824 hauddubie
585 1787 629 1824 fr.
666 1786 833 1835 XXXII,
876 1800 1101 1839 quamquam
1136 1795 1296 1839 propter
1335 1792 1519 1838 quondam
1551 1787 1665 1838 parti-

193 1857 316 1894 culam
357 1868 440 1894 cum
479 1857 523 1894 fr.
567 1856 669 1894 XXI.
710 1857 817 1895 XXII
861 1860 1012 1896 conecti
1053 1871 1127 1896 uon
1166 1859 1306 1897 debuit.
1372 1859 1454 1906 Qua
1494 1870 1536 1895 re
1579 1869 1663 1895 cum

194 1928 336 1964 certius
366 1927 453 1976 quid
485 1927 533 1964 de
565 1927 653 1965 loco
685 1928 886 1977 fragmenti
917 1929 1170 1967 coniectando
1203 1940 1278 1966 non
1310 1930 1495 1976 eruerint,
1535 1929 1570 1965 in
1601 1941 1666 1966 ex-

193 2002 313 2034 trema
345 1996 392 2033 de
424 1996 560 2035 Aenea
589 1999 807 2035 narratione
838 1999 1012 2049 adposui.
1123 1998 1281 2036 Aeneae
1315 1999 1457 2036 obitum
1488 1999 1666 2048 tetigisse

192 2071 346 2116 poetam
375 2073 413 2104 ut
439 2067 642 2117 probabile
663 2074 734 2116 est7
767 2069 815 2106 ita
843 2081 918 2119 quo
944 2070 1025 2107 fere
1049 2070 1161 2108 modo
1182 2083 1266 2108 eum
1284 2070 1468 2119 tetigerit,
1499 2082 1520 2107 e
1539 2070 1664 2107 Seruii

193 2137 249 2184 (in
274 2136 371 2175 Aen.
406 2137 456 2175 vl
481 2138 582 2188 778)
609 2139 826 2175 testimonio
852 2140 1033 2187 discitum
1068 2141 1130 2190 qui
1149 2140 1318 2178 Aeneam
1342 2153 1430 2178 esse
1451 2141 1548 2177 iuter
1570 2139 1666 2177 deos

191 2208 412 2245 translatum
432 2208 622 2258 perhibuit
650 2208 871 2261 (XXXIII).
924 2210 1052 2260 Atque
1075 2210 1244 2257 Aeneas„
1276 2217 1314 2248 ut
1337 2223 1384 2249 ex
1403 2210 1496 2248 Iliae
1518 2211 1665 2247 somnio

192 2278 278 2321 (45.
313 2278 386 2329 48)
414 2279 633 2328 conligitur7
667 2285 753 2317 aute
780 2280 970 2317 ineuntem
991 2280 1071 2317 eius
1104 2281 1356 2319 calamitatem
1389 2287 1558 2319 mortuus
1591 2287 1662 2319 est.

302 2349 433 2400 Itaque
457 2350 611 2388 deuenit
631 2351 837 2400 disputatio
861 2351 905 2388 ad
928 2350 1045 2399 Iliam,
1071 2363 1181 2401 quam
1206 2352 1305 2402 apud
1328 2352 1487 2389 Ennium
1506 2352 1663 2390 Aeneae

188 2426 339 2468 gnatam
373 2421 490 2458 fuisse
522 2432 596 2458 non
627 2421 755 2459 fallaci
789 2422 912 2459 Seruii
946 2422 1163 2458 testimonio
1199 2427 1346 2459 constat
1389 2423 1445 2469 (in
1478 2421 1574 2459 Aen.
1610 2421 1662 2459 Vl

190 2490 313 2540 77S):
346 2494 430 2527 dici!
463 2504 621 2542 namque
651 2491 838 2542 (Ennius)
872 2495 978 2530 Iliam
1015 2495 1134 2542 fuisse
1159 2497 1275 2541 filiam
1309 2496 1474 2530 Aenvae:
1508 2495 1665 2541 quodsi

187 2568 248 2607 est,
284 2565 426 2599 Aeneas
458 2576 551 2600 (zetus
581 2570 633 2600 est
668 2566 826 2600 Romuli.
902 2563 959 2601 De
996 2575 1071 2614 quo
1116 2564 1333 2601 testimonio
1366 2567 1526 2612 propter
1567 2565 1665 2611 quod

184 2636 216 2668 si
254 2639 305 2668 est
334 2632 567 2671 locutionem
590 2633 821 2671 addubitauit
847 2634 1124 2684 Schweglerus
1149 2634 1264 2681 (Hist.
1291 2633 1399 2671 Rom.
1433 2631 1447 2669 Ι
1478 2644 1513 2682 p.
1541 2632 1659 2681 407),

184 2713 229 2738 an
259 2703 498 2752 exploratam
521 2716 599 2741 rem
628 2704 786 2741 Seruius
821 2704 971 2754 prodat,
1005 2717 1050 2743 ac
1072 2717 1146 2742 non
1164 2705 1290 2755 potius
1318 2704 1381 2741 illa
1411 2715 1458 2739 ex
1480 2702 1658 2751 ambiguo

184 2770 293 2809 Ennii
326 2773 428 2811 dicto
462 2785 531 2811 suo
563 2774 737 2824 periculo
779 2775 1026 2812 concluserit.
1088 2774 1173 2812 Non
1209 2775 1312 2821 iure,
1349 2774 1378 2810 si
1411 2773 1499 2824 quid
1529 2773 1656 2811 uideo.
