1762 3057
218 199 330 228 xxvi
598 219 600 221 ,
751 191 1165 235 ιμπιιεείἰωΝΕς

217 304 300 340 nius
337 304 486 341 uidetur
527 315 546 340 a
588 302 746 340 Gmecis
792 305 980 337 mutuatus
1027 311 1138 348 esse,
1188 300 1273 338 uide
1308 301 1552 339 Niebuhrium
1594 300 1688 337 llist.

223 372 331 411 Rom.
367 373 381 411 I
423 385 457 423 p.
491 372 565 409 25:
617 373 679 422 qui
718 371 818 420 quod
858 370 942 407 adn.
975 370 1020 407 4!
1055 383 1168 408 uersu
1199 372 1265 409 illo
1298 371 1429 423 (XXI)
1450 373 1692 420 perhibebunt

218 443 295 491 legi
341 443 467 490 iubet,
512 454 585 478 non
629 440 838 477 adsentior.
916 441 1126 479 Saturniam
1177 448 1301 480 autem
1347 449 1487 494 terram
1538 447 1576 479 ut
1617 441 1692 479 hoe

218 520 353 552 tenore
383 513 610 562 adp'ellatam
643 524 731 550 esse
763 511 965 562 probabile
1001 519 1073 560 est„
1107 515 1155 551 ita
1187 512 1330 551 Ennius
1364 509 1449 563 quo'
1470 513 1550 551 eius
1573 514 1689 550 nomi-

217 586 274 623 nis
307 585 491 633 originem
524 583 685 632 aperiat,
722 595 791 632 per
823 583 988 633 episodii
1020 584 1268 622 occasionem
1308 583 1457 622 fabulas
1498 583 1690 633 expromit

218 655 370 693 Saturni
403 654 651 703 Titanumque
697 654 902 691 certamina
938 655 1163 705 perstringit
1195 654 1354 705 (XXIV.
1378 653 1499 691 XXV.
1526 652 1689 703 XXVI).

218 725 467 763 Conlidenter
493 724 646 775 loquor7
678 736 901 775 quamquam
932 737 1006 763 non
1036 726 1121 776 plus
1152 732 1310 776 praesto
1342 737 1452 776 quam
1479 725 1577 763 hane
1603 735 1690 774 pro-

218 796 446 834 babiliorem
476 796 661 833 rationem
689 796 809 833 uideri
842 809 886 834 ea
922 809 993 847 qua
1023 797 1086 835 alii
1120 797 1190 835 hos
1224 808 1361 833 uersus
1402 796 1689 846 disposuerunt.

216 867 463 917 Inprobabile
496 867 593 904 enim
620 867 706 905 dico
736 868 797 905 uel
831 868 936 917 illud7
971 869 1073 919 quod
1106 868 1279 914 Remum,
1313 878 1396 904 cum
1425 866 1528 904 urbis
1546 878 1690 904 murum

217 939 438 987 transiliret,
472 938 662 988 Ilbergius
695 939 937 977 exclamasse
971 940 1004 976 in
1037 940 1136 977 hunc
1165 938 1315 976 modum
1357 938 1562 989 opinatur:
1599 922 1689 984 Iup--

209 1015 309 1059 pilcr
355 1016 391 1048 ιιί
430 1023 532 1047 muro
566 1011 694 1057 frctus
731 1014 845 1058 maffl's
887 1014 1042 1059 quamde
1084 1015 1215 1048 necinus
1258 1014 1295 1048 ui
1339 1006 1537 1059 (XXVI).
1606 1005 1692 1043 Non

217 1082 338 1130 inagis
362 1080 485 1131 probo
515 1080 613 1130 quod
646 1080 691 1117 fr.
724 1079 861 1118 XXIV.
895 1081 1003 1119 XXV
1040 1080 1259 1120 Euhemero
1293 1081 1373 1117 siue
1406 1089 1542 1115 sacrae
1573 1076 1690 1113 histo-

218 1153 296 1189 riae
328 1150 549 1189 Krahnerus
587 1151 634 1189 de
676 1153 802 1190 causis
835 1164 936 1190 corr.
970 1153 1081 1202 relig.
1113 1153 1223 1190 Rom.
1264 1164 1299 1201 p.
1332 1151 1383 1187 *lu
1412 1147 1581 1185 ascribit.
1630 1145 1718 1184 Gr·

221 1216 441 1269 Bernhardy
470 1218 554 1259 Litt.
589 1221 698 1259 Rom.
731 1235 766 1273 p.
799 1224 909 1261 300..
943 1222 1074 1261 Fidem
1099 1224 1231 1261 facere
1253 1223 1355 1259 uisus
1379 1226 1437 1258 est
1458 1219 1690 1266 Lactantius,

219 1294 280 1343 qui
313 1293 386 1329 diu.
412 1284 510 1329 inst.
546 1291 562 1329 I
599 1304 632 1329 c.
680 1292 726 1331 14
769 1305 818 1330 ex
857 1305 903 1330 eo
944 1293 1042 1331 libro
1083 1294 1179 1332 haec
1217 1298 1366 1332 narrat:
1415 1293 1542 1328 deinde
1586 1288 1692 1328 Titan

210 1372 404 1412 postquam
455 1367 602 1401 rescinil
649 1366 809 1401 Sammo
850 1368 948 1412 fildas
982 1372 1198 1412 procreatos
1243 1371 1350 1412 alque
1400 1364 1570 1400 educatos
1615 1372 1694 1398 esse

217 1439 329 1479 elram,
370 1437 508 1471 seducit
546 1447 668 1471 secum
705 1438 800 1482 filios
844 1448 929 1473 snos
963 1439 1038 1483 (Jui‘
1063 1438 1183 1473 Titum?
1221 1440 1420 1480 rztocftmltcr,
1462 1436 1694 1482 fratremque

218 1520 323 1543 suum
365 1508 567 1543 summm
608 1511 715 1554 (alque
757 1509 868 1553 Opem
906 1509 1178 1555 compl-elwndit
1216 1517 1345 1553 eosque
1387 1519 1491 1542 muro
1535 1508 1691 1541 circum-

219 1581 287 1625 essia
323 1584 355 1613 et
398 1579 597 1613 ‹fies-loclz'mn
632 1578 688 1613 leis
727 1579 877 1624 adponit
913 1577 1031 1626 (Eub.
1067 1577 1152 1627 lv).
1224 1574 1372 1625 Nempe
1403 1575 1578 1625 congruit
1610 1587 1693 1612 eum

222 1647 298 1684 illis
330 1647 377 1684 fr.
409 1645 532 1694 XXV,
570 1647 670 1697 quod
704 1647 785 1683 sine
816 1647 941 1684 indice
970 1647 1055 1685 libri
1086 1647 1232 1685 Nonius
1266 1658 1301 1696 p.
1336 1645 1431 1694 216,
1466 1645 1517 1684 29
1549 1646 1690 1683 citauit.

220 1718 270 1755 At
300 1731 344 1756 ea
380 1720 632 1766 congruentia
665 1730 739 1756 non
771 1719 925 1767 sufficit,
959 1725 1011 1768 ut,
1043 1721 1073 1757 si
1106 1719 1207 1757 nulla
1232 1719 1305 1757 alia
1333 1730 1374 1756 re
1408 1717 1693 1755 commendatur

219 1791 468 1839 coniectura,
512 1791 546 1827 ei
582 1789 679 1828 libro
713 1790 924 1827 inseramus
958 1790 1224 1844 fragmentum.
1280 1789 1401 1836 Quam
1438 1788 1552 1826 multa
1594 1789 1691 1826 enim

222 1861 362 1898 Ennius
405 1862 528 1912 potuit
565 1861 601 1897 in
642 1860 840 1898 annalibus
881 1861 944 1898 uel
988 1860 1249 1911 episodiorum
1285 1860 1447 1897 artificio
1487 1860 1690 1908 attingere,

220 1945 318 1982 quae
357 1933 508 1983 plenius
545 1938 608 1970 aut
648 1938 735 1969 ante
776 1937 1010 1969 tractauerat
1057 1936 1120 1968 aut
1159 1935 1386 1967 tractaturus
1425 1936 1507 1968 erat
1546 1931 1579 1967 in
1615 1930 1691 1968 alio

220 2003 332 2041 libro.
394 2003 453 2041 Ac
482 2015 618 2041 uersus
647 2008 705 2040 est
736 2002 835 2039 istud
869 2001 1133 2051 fragmentum,
1163 2012 1237 2037 non
1265 2001 1415 2049 integre
1434 2001 1585 2051 quidem
1610 2014 1690 2039 ser-

169 2119 171 2122 ⁴
220 2080 342 2122 uatus,
376 2074 445 2112 sed
476 2075 524 2112 ita
552 2080 592 2111 ut
623 2073 699 2111 leni
735 2073 942 2110 mutatione
976 2072 1097 2109 bonus
1130 2072 1357 2109 hexameter
1378 2078 1504 2109 exeat.
1565 2071 1690 2110 Euhe-

219 2158 363 2183 merum
394 2156 511 2192 uere,
542 2150 580 2182 ut
601 2143 927 2195 *carmen-suerin
968 2142 1097 2180 herois
1127 2142 1303 2180 uersibus
1342 2148 1536 2179 exaratum
1571 2142 1691 2180 fuisse

221 2228 341 2265 aegre
381 2215 557 2253 euincas:
596 2214 668 2252 illo'
695 2214 846 2265 quidem
881 2227 995 2252 uersu
1030 2214 1091 2263 qui
1124 2218 1260 2260 eante,
1298 2224 1373 2249 non
1403 2218 1571 2260 temere‚
1613 2225 1692 2250 rem

219 2299 337 2335 agere
373 2287 475 2336 cupit
506 2297 580 2322 non
612 2284 770 2323 debebit
802 2285 918 2322 inniti.
976 2285 1108 2335 Atque
1143 2283 1333 2333 llbergius
1366 2284 1400 2320 in
1437 2284 1530 2333 ipsis
1564 2282 1689 2321 Euhe-

220 2359 313 2395 meri
346 2357 518 2407 reliquiis
536 2355 744 2393 trochaeos
773 2355 834 2393 uel
857 2355 1126 2393 trochaeorum
1151 2354 1358 2404 particulas
1377 2355 1565 2404 detegere
1589 2356 1691 2392 uisus

220 2435 298 2466 est:
333 2427 459 2478 quode
491 2428 599 2478 plura
625 2427 747 2464 dicam
776 2426 886 2475 infra,
916 2438 998 2463 cum
1032 2426 1077 2464 ad
1109 2424 1208 2462 hunc
1240 2425 1365 2462 locum
1383 2426 1453 2462 erit
1473 2425 1689 2461 (leuentum.

219 2499 268 2536 At
310 2498 401 2536 illud
443 2498 643 2549 uituper0‚
688 2497 788 2548 quod
830 2497 929 2535 idem
965 2496 1106 2535 abusus
1141 2496 1240 2534 bona
1279 2495 1505 2545 ceteroquin
1537 2494 1690 2532 coniec-

219 2577 300 2608 tura
356 2570 401 2607 fr.
448 2569 584 2619 XXV,
645 2580 719 2620 quo
773 2567 992 2606 Euhemero
1041 2566 1282 2613 ascribatur,
1332 2566 1368 2602 in
1412 2570 1572 2602 metrum
1614 2571 1690 2602 tro-

220 2641 393 2679 chaicum
439 2640 644 2691 uiolentius
687 2640 893 2690 detorquet
938 2644 976 2676 et
1020 2638 1156 2676 eodem
1201 2648 1379 2683 numere,
1433 2647 1506 2673 non
1552 2636 1690 2684 heroo⁷

220 2723 331 2761 quem
372 2712 510 2761 recipit
548 2718 615 2750 sua
655 2716 793 2761 sponte
824 2709 1061 2757 uersiculus,
1101 2708 1146 2745 fr.
1180 2707 1304 2745 XXIV
1336 2707 1545 2745 dimetitur:
1588 2707 1688 2757 quod

222 2793 268 2819 eo
303 2782 512 2832 procliuius
545 2782 591 2820 ad
620 2774 777 2819 annales
809 2780 954 2827 resero„
986 2791 1069 2817 cum
1098 2790 1253 2825 uersus,
1286 2789 1397 2828 quem
1428 2789 1511 2814 cum
1554 2776 1619 2814 illo
1651 2782 1690 2814 et
