1762 3057
626 191 629 194 >
689 217 1008 262 RELIQVIAE
1507 209 1588 250 133

811 328 853 372 V
873 328 893 351 ³0<

246 409 354 463 Cur,
401 409 516 469 quod
557 409 597 452 in
633 424 700 453 me
740 410 830 461 est,
881 406 1146 452 exsecrabor
1186 404 1269 449 hoc
1309 404 1426 463 quod
1459 403 1586 457 lucet,

992 473 1200 534 quidquid
1234 472 1331 517 est?

821 553 877 597 Vl

746 646 842 675 cum
873 631 1030 674 saxum
1059 629 1274 673 sciciderit

813 720 891 764 Vll

248 799 414 844 Gellius
446 798 487 841 V
523 805 567 842 11
617 799 750 843 ‘inter
783 799 895 843 enim
936 798 1267 857 pulcherrimam
1307 796 1507 840 seminam
1546 798 1588 839 et

110 867 474 913 deformissimam
525 868 663 911 media
713 869 853 912 forma
895 868 1107 927 quaedam
1151 870 1217 910 est
1381 865 1522 924 qualis
1560 880 1586 907 a

111 937 271 991 Quinto
292 937 431 980 Ennio
458 935 498 979 in
519 936 846 995 Menalippa'
877 936 1215 994 (Melanippa
1242 934 1441 978 Rottend.
1464 933 1584 989 vat.)

112 1011 342 1064 ‘perquam
371 1004 561 1063 eleganti
596 1005 809 1049 uocabulo
839 1008 980 1049 stata
1008 1004 1162 1048 dicitur
1195 1039 1202 1047 .
1230 1038 1238 1046 .
1262 1037 1271 1046 .
1303 1002 1467 1045 Ennius
1501 1017 1586 1044 au-

110 1078 194 1118 tem
228 1074 267 1117 in
300 1073 382 1117 ista
419 1088 548 1133 quam
581 1074 665 1117 dixi
699 1073 928 1132 tragoedia
970 1088 1063 1117 eas
1097 1074 1210 1116 fere
1241 1071 1403 1114 semin
1417 1086 1474 1113 as
1510 1069 1586 1112 ait

112 1141 368 1186 incolumi
408 1141 683 1200 pudicitia
722 1157 869 1195 esse,
925 1157 1061 1202 quae
1102 1143 1244 1186 stata
1283 1140 1457 1183 forma
1497 1140 1588 1182 so-

112 1214 243 1255 rent.

749 1278 946 1321 NEMEA

844 1368 857 1411 l

129 1456 209 1493 :335
248 1446 419 1492 Teneor
448 1445 669 1504 consipla,
711 1446 901 1506 undique
936 1460 1084 1489 uerior.

828 1536 862 1579 ΙΙ

250 1611 412 1657 Pecudi'
442 1611 546 1655 dare
581 1611 678 1654 uiua
713 1612 866 1655 marito

113 1749 233 1789 lippe
270 1745 400 1785 Anglic„
430 1754 472 1774 m.
504 1754 553 1785 pr.
587 1744 660 1774 Par.
690 1744 814 1776 Salisb.
843 1741 969 1785 Neap.)
1069 1742 1098 1772 V
1134 1742 1249 1773 Cicero
1277 1741 1317 1771 de
1347 1746 1412 1771 nat.
1443 1741 1534 1771 deor.
1565 1742 1591 1771 11

113 1796 169 1829 25,
197 1794 241 1825 65
277 1792 383 1822 *hunc
414 1790 533 1831 igitur'
561 1794 626 1831 (sc.
663 1790 794 1826 loucm)
830 1791 993 1823 ίΕῐιηὶιιε,
1033 1793 1063 1818 ut
1095 1798 1197 1829 supra
1223 1787 1312 1821 dixi,
1348 1792 1513 1828 nuncupat
1547 1787 1592 1817 ita

114 1841 246 1871 dicens:
275 1838 389 1879 aspice
415 1836 477 1867 hoc
497 1836 681 1867 sublimcn'
704 1848 732 1867 c.
758 1848 788 1877 q.
814 1848 840 1867 s.
878 1835 1032 1877 *planius
1062 1844 1160 1873 quam
1189 1833 1255 1864 alio
1285 1833 1355 1863 loco
1380 1833 1487 1864 idem:
1521 1843 1591 1866 cur.

115 1886 220 1926 quod’
255 1896 283 1915 c.
313 1895 344 1923 ‹1-
375 1894 402 1913 s.
446 1883 516 1913 Huc
545 1882 643 1913 refert
674 1886 711 1913 t).
741 1883 946 1914 Ribbcckius
1043 1881 1082 1910 Vl
1122 1880 1312 1911 Priscianus
1343 1879 1369 1909 X
1398 1890 1430 1920 p.
1459 1878 1526 1909 800
1556 1879 1588 1909 P.

114 1934 145 1971 (l
176 1942 208 1973 p.
229 1930 292 1961 491
320 1928 377 1969 K.)
414 1929 607 1962 ‘scind0,
636 1929 732 1960 scidi.
777 1928 1005 1959 Vetustissimi
1026 1932 1135 1957 tamen
1158 1927 1257 1957 etiam
1285 1925 1446 1956 scieidi
1480 1926 1592 1966 profe-

115 1979 231 2009 rebant
260 1994 302 1998 —
325 1994 372 1999 -——
396 1975 506 2005 Attius
531 1974 764 2006 Sotadicorum
793 1976 818 2005 l:
848 1986 924 2005 num
951 1984 1030 2012 ergo
1055 1972 1167 2013 aquila
1193 1973 1237 2002 ita
1266 1977 1298 2001 ut
1325 1971 1358 2002 hi
1384 1971 1591 2012 praedicant,

116 2023 294 2055 sciciderat
313 2033 351 2053 ea
368 2022 509 2063 pectus?
528 2045 535 2050 .
549 2044 555 2051 .
569 2045 576 2051 .
599 2021 725 2052 Ennius
743 2022 774 2052 in
785 2022 978 2062 Menalippa
996 2043 1002 2049 .
1016 2043 1023 2049 .
1037 2020 1055 2048 .’
1076 2018 1132 2060 (M
1145 2018 1290 2059 elanip
1304 2028 1354 2058 pa
1368 2017 1452 2058 ch.
1469 2017 1592 2049 Carlsr.

117 2070 283 2101 Halberst.
304 2068 426 2109 Lugd..
454 2078 519 2098 om.
542 2066 644 2108 Sang.
668 2067 920 2109 Menalippa
942 2064 1061 2102 ceteri)
1107 2065 1195 2095 ldcm
1218 2064 1441 2105 fragmentum
1459 2064 1489 2094 .l.
1513 2064 1593 2093 tiro*

115 2117 235 2148 nonius
255 2115 446 2156 suspicatur
469 2113 548 2145 olim
571 2114 722 2144 extitisse
742 2114 840 2145 etiam
861 2113 952 2155 apud
968 2111 1111 2142 Gellium
1134 2111 1193 2141 Vll
1216 2110 1237 2141 9
1266 2116 1460 2151 *practerea
1482 2110 1592 2141 inueni

117 2174 136 2193 a
161 2162 265 2193 uerbo
293 2160 446 2191 scindo
469 2159 572 2190 simili
597 2160 724 2191 ratione
751 2170 815 2190 non
836 2160 980 2191 sciderat
1000 2157 1059 2188 scd
1086 2156 1323 2187 sciciderat
1354 2156 1478 2186 dietum
1506 2166 1591 2187 cssc.

117 2209 154 2239 L.
186 2208 294 2238 Attius
322 2207 354 2236 in
383 2205 617 2236 Sotadicorum
644 2205 758 2236 librol
786 2206 964 2237 sciciderat
991 2203 1088 2235 dixit.
1140 2203 1253 2233 Verba
1277 2202 1360 2233 llaec
1384 2207 1479 2232 sunt:
1516 2212 1592 2232 num

117 2263 196 2295 crgo
223 2252 335 2292 aquila
363 2252 408 2281 ita
430 2256 462 2281 ut
482 2251 517 2282 hi
538 2250 752 2292 praedicant,
776 2252 951 2283 sciciderat
972 2260 1011 2281 ea
1028 2254 1143 2290 pectus
1153 2250 1168 2278 ζ’
1195 2248 1320 2279 Ennius
1341 2257 1472 2287 quoque
1496 2247 1595 2278 Vale<

117 2301 184 2331 rius
206 2299 324 2330 Antias
353 2297 385 2327 in
414 2297 497 2328 libro
523 2296 739 2328 historiarum
764 2297 888 2328 LXXV
912 2297 1014 2328 uerba
1036 2295 1120 2326 haec
1144 2294 1297 2335 scripsit:
1331 2294 1454 2325 deinde
1480 2292 1594 2324 funere

118 2348 225 2379 locato
246 2344 288 2375 ad
308 2343 416 2375 sorum
440 2342 675 2374 descendidit.’

164 2391 296 2423 NEMEA
348 2390 359 2419 Ι
395 2388 522 2419 Nonius
550 2399 584 2430 p.
609 2388 684 2426 183,
709 2387 750 2420 13
786 2390 952 2419 Ἥρηον,
987 2386 1243 2417 circumuenior.
1291 2384 1417 2415 Ennius
1444 2383 1595 2415 Nemea

120 2463 146 2470 ..
183 2438 189 2448 ’
226 2436 418 2479 (mcnca,
448 2435 507 2465 sed
527 2444 610 2465 corr.
632 2440 665 2465 ut
685 2435 725 2465 sit
744 2444 762 2464 n
776 2446 791 2463 c
803 2444 907 2470 mea,
934 2433 990 2462 W.
1020 2431 1165 2462 Medea
1182 2428 1361 2469 Bentinus)
1398 2429 1448 2460 Cf.
1472 2429 1594 2460 Paulus

120 2484 209 2516 Festi
243 2493 277 2524 p.
302 2482 345 2513 62
372 2481 415 2511 M.
454 2481 719 2522 ‘consiptum
753 2479 843 2520 apud
873 2479 1017 2509 Ennium
1045 2486 1104 2518 pro
1136 2482 1332 2517 conseptum
1360 2476 1548 2517 reperitu1·.⁷

166 2531 193 2560 11
230 2528 422 2560 Priscianus
442 2528 470 2557 Y
493 2537 526 2568 p.
547 2526 614 2558 (359
632 2527 667 2557 P.
688 2527 719 2568 (Ι
739 2536 773 2567 p.
796 2524 860 2556 197
879 2524 938 2565 K.)
966 2523 1039 2554 ‘hie
1060 2528 1089 2553 et
1110 2521 1192 2553 haec
1219 2528 1249 2553 et
1274 2522 1338 2552 hoo
1364 2532 1505 2563 pecus.
1530 2522 1595 2553 En-

177 2648 246 2682 333
276 2654 341 2679 cur
363 2642 452 2689 Rey.
481 2640 653 2677 Cantabr.
683 2641 740 2676 cui
764 2640 875 2675 celeri
988 2618 1071 2685 lieet
1099 2617 1279 2687 quidquid
1310 2642 1365 2672 est
1393 2639 1510 2679 (corr.
1540 2647 1598 2672 ea-

123 2703 202 2737 dem
224 2701 290 2744 m.)
320 2698 425 2734 Vina.
542 2700 611 2734 334
641 2696 850 2732 sciscidcrit
878 2695 1017 2730 Carlsr.
1043 2694 1154 2740 Rey.‚
1185 2694 1252 2729 sed
1273 2695 1296 2728 it
1316 2704 1364 2729 ex
1386 2698 1420 2728 at
1442 2703 1540 2727 corr.

180 2759 248 2794 335
278 2755 445 2800 consipta
475 2753 621 2789 Vossius
641 2763 690 2788 ecc
708 2752 838 2787 Paulo.
861 2755 1041 2796 concepta
1070 2751 1126 2785 W.
1151 2754 1328 2795 consepta
1349 2749 1462 2784 celeri
1478 2749 1562 2784 libri

181 2815 248 2850 336
279 2812 365 2846 uiua
387 2811 584 2845 deteriores
607 2809 708 2844 codd.
730 2809 816 2843 uiua·
830 2809 945 2844 Bern.
968 2818 1012 2842 m.
1037 2807 1097 2842 alt.
1116 2817 1216 2841 corr.
1238 2807 1360 2841 uiuam
1380 2806 1471 2851 Res).
1490 2804 1599 2852 Scmq.
