1762 3057
226 198 359 228 xxxu
761 192 1168 236 QVAESTIONES

226 305 309 343 dam
348 304 445 341 scite
487 302 761 353 expediantur,
806 314 915 340 imum
956 303 1089 339 nescio
1123 314 1168 339 an
1212 313 1260 340 eo
1307 301 1501 341 difficilius
1548 303 1698 342 euadat.

226 374 319 413 Cum
357 376 454 413 enim
491 375 642 411 omuino
675 374 808 412 modus
841 373 1030 410 obscurus
1068 373 1139 421 sit⁷
1186 385 1261 424 quo
1289 373 1432 412 Ennius
1464 374 1622 413 Graecis
1653 374 1700 412 de

228 446 360 483 Aenea
385 451 421 483 et
452 445 517 483 Ilia
545 445 684 483 fabulis
706 445 955 483 domesticam
983 444 1133 493 famam,
1167 457 1276 495 quam
1310 446 1343 482 in
1386 446 1541 483 relicuis
1573 446 1699 495 sequi-

227 521 300 564 tur,
334 515 593 563 admiscuerit,
622 521 696 553 tum
728 515 802 553 hoc
836 528 996 566 prorsus
1036 516 1262 554 incredibile
1300 516 1463 563 uidetur7
1496 515 1699 563 Amulium,

227 589 257 625 si
287 587 437 637 quidem
470 586 660 636 legitimus
693 593 775 624 erat
807 586 965 624 Aeneae
998 586 1120 635 lilius⁷
1157 587 1262 625 Iliam
1292 599 1466 625 sororem
1503 586 1552 624 ob
1589 597 1702 637 pere-

227 659 372 708 grinam
403 664 543 695 tantum
573 658 760 707 originem
792 658 1011 695 infestasse.

340 729 380 767 In
409 740 552 767 summo
582 728 702 778 ipsius
735 735 773 766 et
803 740 1009 779 puerorum
1038 728 1256 766 discrimine
1286 729 1352 767 Ilia
1391 728 1549 766 deorum
1592 728 1703 766 iidem

228 799 416 850 inplorat‚
462 800 494 836 in
535 799 666 849 primis
705 798 890 848 Veneris,
927 793 1157 849 ‘genetricis
1205 800 1343 850 patris'
1392 805 1428 837 et
1467 792 1699 849 ‘cognatae'

229 869 452 921 (XXXVI)7
471 875 508 907 et
526 869 655 907 Martis
672 875 710 906 ut
729 870 891 917 uidetur,
911 883 955 908 ac
971 870 1140 908 Tiberini
1162 869 1400 920 (XXXVII).
1432 869 1592 908 Fallitur
1607 871 1704 908 enim

229 941 461 979 Niebuhrius
501 940 597 977 Hist.
634 940 741 977 Rom.
774 940 789 978 Ι
823 953 858 991 p.
897 940 1002 989 354,
1046 952 1129 978 cum
1163 947 1324 991 propter
1362 941 1454 978 Liuii
1492 953 1603 992 quam
1639 942 1705 979 lin-

226 1012 281 1061 git
315 1011 560 1049 imitationem
592 1010 646 1060 (11
678 1011 743 1061 to)
770 1020 840 1049 tum
863 1014 984 1050 Cos-les
1002 1005 1190 1050 ‘Tiberine
1208 1003 1338 1059 palm-⁷
1361 1014 1477 1059 inquil
1496 1005 1546 1049 ‘te
1582 1020 1708 1051 sancte

223 1096 384 1132 precor7
435 1084 527 1118 haec
574 1096 682 1119 arma
724 1089 757 1119 el
798 1084 895 1119 hunc
944 1086 1086 1120 militem
1126 1085 1288 1132 propitio
1331 1084 1482 1130 flumine
1533 1073 1706 1130 accipias’

230 1154 375 1192 Horatii
406 1152 565 1191 Coclitis
605 1165 693 1191 esse
733 1152 830 1191 llaec
858 1151 969 1190 Ennii
1002 1153 1123 1191 uerba
1160 1159 1261 1202 teque
1292 1157 1405 1199 pater
1450 1155 1616 1190 Tiberine.
1650 1160 1708 1191 tuo

230 1239 310 1262 eum
343 1227 494 1272 slzmzine
530 1231 656 1261 sancto
692 1236 780 1262 esse
811 1224 1011 1274 opinatur7
1052 1222 1204 1260 scilicet
1246 1234 1265 1260 a
1293 1221 1492 1260 Macrobio
1526 1222 1578 1261 VI
1612 1224 1623 1260 1
1665 1236 1702 1274 p.

231 1296 311 1332 499
343 1295 427 1333 Jan.
462 1306 482 1331 e
512 1295 633 1345 primo
665 1295 789 1333 annali
820 1300 934 1346 atque
976 1295 1023 1334 ita
1052 1300 1090 1333 ut
1117 1293 1215 1332 absit
1242 1294 1412 1344 corrupti
1445 1296 1589 1332 numeri
1620 1307 1703 1332 sus-

233 1369 324 1419 pitio
357 1366 493 1404 adlata.
556 1365 690 1416 Neque
724 1378 818 1403 uero
849 1365 998 1413 Liuius,
1033 1365 1145 1402 etiam
1177 1364 1207 1401 si
1238 1362 1398 1402 Ennium
1432 1364 1594 1403 subinde
1624 1365 1703 1403 imi-

235 1445 332 1477 tatus
364 1439 424 1486 sit7
450 1436 550 1487 quod
573 1436 804 1474 Niebuhr-ius
838 1436 861 1474 l.
886 1436 909 1474 l.
944 1442 1050 1474 recte
1080 1434 1149 1473 sed
1172 1435 1319 1473 ratione
1352 1446 1426 1472 non
1455 1441 1562 1473 recta
1597 1435 1707 1474 adtir-

230 1517 319 1558 mat,
344 1508 485 1559 egebat
509 1509 543 1544 iu
568 1520 612 1545 ea
631 1520 672 1545 re
695 1507 875 1558 exemplo
899 1506 1031 1544 Ennii:
1064 1505 1229 1556 quand0‚
1251 1505 1354 1556 quod
1376 1502 1534 1544 Seruius
1552 1508 1587 1545 in
1606 1507 1703 1546 Aen.

233 1580 318 1618 VIII
341 1579 391 1618 72
411 1584 585 1625 testatur7
620 1578 714 1616 haec
735 1584 919 1616 consueta
939 1577 1118 1616 Romanis
1137 1576 1356 1615 Tiberinum
1379 1578 1561 1628 precibus
1586 1579 1702 1617 aduo-

233 1651 342 1689 candi
369 1649 551 1687 formula:
585 1652 707 1685 adesto
736 1651 903 1686 Tiberine
932 1662 1012 1686 enm
1042 1651 1109 1685 tuis
1129 1651 1246 1685 undis.
1279 1647 1407 1697 Atque
1439 1649 1537 1699 apud
1567 1649 1704 1699 Vergi-

234 1721 320 1758 lium
340 1720 363 1758 1.
382 1719 406 1757 l.
427 1719 581 1756 Aeneas
599 1720 633 1755 in
651 1718 750 1756 hunc
772 1719 933 1757 similem
951 1718 1120 1757 Enniano
1139 1718 1289 1755 modum
1308 1717 1526 1757 Tiberinum
1549 1718 1705 1757 adorat:

232 1799 338 1840 laque
377 1805 396 1829 0
439 1793 578 1839 Thybri
621 1799 678 1828 tuo
707 1794 848 1839 yenitor
879 1804 958 1827 cnm
981 1793 1130 1838 flumine
1160 1797 1308 1827 sancto.-
1351 1800 1426 1839 quo
1461 1790 1492 1826 si
1533 1790 1617 1840 quis
1656 1790 1707 1828 uti

233 1861 361 1910 uolet,
396 1860 506 1898 Ennii
547 1873 701 1898 uersum
730 1861 871 1911 poterit
911 1860 1069 1898 Aeneae
1110 1860 1303 1898 tribuere:
1340 1858 1427 1896 mihi
1468 1859 1706 1909 probabilius

233 1934 353 1970 uisum
386 1937 466 1979 est,
506 1932 556 1969 ita
588 1931 691 1969 Iliam
727 1943 824 1981 quae
864 1930 1044 1967 Tiberino
1085 1936 1240 1980 nuptum
1272 1929 1381 1967 datur
1412 1928 1538 1981 (XLI)
1578 1942 1705 1969 orare.

345 2003 478 2040 Venus
515 2001 607 2040 Iliae
649 2001 830 2052 precibus
870 2007 1058 2038 commota
1094 2001 1252 2050 adparet
1289 2012 1333 2037 ac
1364 2007 1544 2051 nepotem
1576 2001 1623 2039 de
1651 2002 1705 2051 ip—

234 2074 312 2111 sius
343 2079 381 2110 et
413 2072 620 2111 liberorum
651 2078 756 2109 sorte
789 2072 985 2110 confirmat
1014 2071 1211 2116 (XXXIX.
1245 2070 1352 2121 XL):
1395 2082 1470 2121 quo
1509 2071 1612 2110 facto
1641 2072 1706 2110 illa

234 2144 269 2181 in
297 2155 443 2181 amnem
472 2156 513 2181 se
546 2143 718 2181 demittit.
781 2142 935 2181 Interim
962 2141 1132 2181 latrones
1165 2141 1210 2180 ab
1246 2140 1398 2179 Amulio
1430 2141 1522 2179 iussi
1564 2153 1706 2193 pueros

235 2219 430 2265 exponunt
454 2212 610 2265 (XLII).

349 2284 445 2322 Huic
476 2284 565 2322 loco
597 2284 750 2322 uindico
780 2283 938 2321 deorum
971 2282 1017 2320 de
1051 2282 1196 2320 Romae
1236 2282 1388 2320 fortuna
1428 2280 1708 2320 consiliantium

235 2366 485 2393 consessum:
526 2354 676 2405 qualem
709 2355 743 2390 in
773 2353 847 2391 hoc
879 2353 976 2391 libro
1007 2354 1226 2403 expositum
1259 2352 1378 2390 fuisse
1414 2352 1502 2389 olim
1530 2352 1705 2390 intellec·

234 2433 309 2464 tum
337 2432 408 2464 est.
457 2425 670 2463 Probabilis
698 2424 795 2461 enim
825 2424 1047 2462 coniectura
1076 2429 1148 2472 est,
1182 2422 1380 2461 Horatium
1409 2433 1491 2459 cum
1518 2421 1613 2459 haec
1646 2433 1708 2459 ca-

234 2503 344 2534 neret
375 2495 521 2546 (Carm.
560 2495 611 2533 III
643 2496 688 2543 3,
737 2494 803 2545 16)
855 2498 1027 2541 Quirinus
1062 2497 1195 2532 Martis
1231 2497 1330 2543 equis
1369 2495 1576 2529 Acheronta
1604 2495 1712 2541 fuyit,

234 2575 379 2616 gsralmn
420 2571 557 2604 elocuta
605 2569 874 2602 consiliantibus
912 2568 1052 2603 Iunone
1089 2568 1203 2610 dim's,
1255 2563 1364 2600 Ennii
1400 2574 1608 2599 memorem
1646 2574 1708 2600 ce-

234 2639 389 2675 cinisse.
447 2638 529 2684 Qua
565 2637 783 2674 coniectura
813 2635 905 2672 licet
934 2635 1093 2673 alteram
1127 2639 1398 2684 superstruere
1425 2644 1498 2669 non
1531 2631 1708 2682 inproba-

234 2707 364 2750 bilem„
389 2708 419 2744 si
446 2708 546 2745 illam
572 2706 821 2757 probaueris,
846 2705 977 2743 Iunoni
1002 2707 1035 2743 in
1062 2705 1230 2743 Enniana
1253 2703 1410 2741 deorum
1434 2703 1612 2740 contione
1635 2714 1709 2739 non

233 2778 433 2816 adsidendi
458 2784 598 2816 tantum
623 2777 692 2815 sed
717 2776 924 2827 eloquendi
949 2781 985 2813 et
1011 2774 1218 2826 perorandi
1246 2779 1376 2824 partes
1397 2772 1532 2810 fuisse.
1569 2771 1620 2809 Vt
1646 2771 1708 2809 hic
