<?xml version="1.0" encoding="UTF-8"?>
<!DOCTYPE html PUBLIC "-//W3C//DTD XHTML 1.0 Transitional//EN"
    "http://www.w3.org/TR/xhtml1/DTD/xhtml1-transitional.dtd">
<html xmlns="http://www.w3.org/1999/xhtml" xml:lang="en" lang="en">
 <head>
  <title>
</title>
<meta http-equiv="Content-Type" content="text/html;charset=utf-8" />
  <meta name='ocr-system' content='tesseract 3.04.00' />
  <meta name='ocr-capabilities' content='ocr_page ocr_carea ocr_par ocr_line ocrx_word'/>
</head>
<body>
  <div class='ocr_page' id='page_1' title='image "./poesisreliquiae00enniuoft_0248.png"; bbox 0 0 1762 3057; ppageno 0'>
   <div class='ocr_carea' id='block_1_1' title="bbox 187 245 1163 286">
    <p class='ocr_par' dir='ltr' id='par_1_1' title="bbox 187 245 1163 286">
     <span class='ocr_line' id='line_1_1' title="bbox 187 245 1163 286; baseline 0 -1"><span class='ocrx_word' id='word_1_1' title='bbox 187 245 266 285; x_wconf 81' lang='grc'>146</span> <span class='ocrx_word' id='word_1_2' title='bbox 689 250 1163 286; x_wconf 80' lang='lat' dir='ltr'>TRAGOEDIARVM</span> 
     </span>
    </p>
   </div>
   <div class='ocr_carea' id='block_1_2' title="bbox 900 365 943 408">
    <p class='ocr_par' dir='ltr' id='par_1_2' title="bbox 900 365 943 408">
     <span class='ocr_line' id='line_1_2' title="bbox 900 365 943 408; baseline 0 0"><span class='ocrx_word' id='word_1_3' title='bbox 900 365 943 408; x_wconf 90' lang='lat' dir='ltr'>V</span> 
     </span>
    </p>
   </div>
   <div class='ocr_carea' id='block_1_3' title="bbox 319 444 1355 501">
    <p class='ocr_par' dir='ltr' id='par_1_3' title="bbox 319 444 1355 501">
     <span class='ocr_line' id='line_1_3' title="bbox 319 444 1355 501; baseline -0.006 -8"><span class='ocrx_word' id='word_1_4' title='bbox 319 449 474 501; x_wconf 67' lang='lat' dir='ltr'>Labsil,</span> <span class='ocrx_word' id='word_1_5' title='bbox 507 447 710 490; x_wconf 77' lang='lat' dir='ltr'>labuntur</span> <span class='ocrx_word' id='word_1_6' title='bbox 741 446 871 500; x_wconf 60' lang='lat' dir='ltr'>sexa,</span> <span class='ocrx_word' id='word_1_7' title='bbox 904 444 1153 489; x_wconf 75' lang='lat' dir='ltr'>caementae</span> <span class='ocrx_word' id='word_1_8' title='bbox 1185 444 1355 488; x_wconf 77' lang='lat' dir='ltr'>cadunt.</span> 
     </span>
    </p>
   </div>
   <div class='ocr_carea' id='block_1_4' title="bbox 735 612 1298 673">
    <p class='ocr_par' dir='ltr' id='par_1_4' title="bbox 735 612 1298 673">
     <span class='ocr_line' id='line_1_4' title="bbox 735 612 1298 673; baseline -0.002 -14"><span class='ocrx_word' id='word_1_9' title='bbox 735 613 843 659; x_wconf 79' lang='lat' dir='ltr'>caeli</span> <span class='ocrx_word' id='word_1_10' title='bbox 873 614 1077 673; x_wconf 75' lang='lat' dir='ltr'>ingentes</span> <span class='ocrx_word' id='word_1_11' title='bbox 1109 612 1298 658; x_wconf 70' lang='lat' dir='ltr'>fernices</span> 
     </span>
    </p>
   </div>
   <div class='ocr_carea' id='block_1_5' title="bbox 880 704 961 749">
    <p class='ocr_par' dir='ltr' id='par_1_5' title="bbox 880 704 961 749">
     <span class='ocr_line' id='line_1_5' title="bbox 880 704 961 749; baseline 0.012 -1"><span class='ocrx_word' id='word_1_12' title='bbox 880 704 961 749; x_wconf 93' lang='lat' dir='ltr'>VII</span> 
     </span>
    </p>
   </div>
   <div class='ocr_carea' id='block_1_6' title="bbox 315 783 1203 844">
    <p class='ocr_par' dir='ltr' id='par_1_6' title="bbox 315 783 1203 844">
     <span class='ocr_line' id='line_1_6' title="bbox 315 783 1203 844; baseline -0.002 -14"><span class='ocrx_word' id='word_1_13' title='bbox 315 785 483 830; x_wconf 75' lang='lat' dir='ltr'>Latona</span> <span class='ocrx_word' id='word_1_14' title='bbox 513 784 641 844; x_wconf 77' lang='lat' dir='ltr'>pariit</span> <span class='ocrx_word' id='word_1_15' title='bbox 671 785 792 829; x_wconf 65' lang='lat' dir='ltr'>cesta</span> <span class='ocrx_word' id='word_1_16' title='bbox 823 784 1055 843; x_wconf 76' lang='lat' dir='ltr'>complexu</span> <span class='ocrx_word' id='word_1_17' title='bbox 1086 783 1203 828; x_wconf 88' lang='lat' dir='ltr'>Iouis</span> 
     </span>
    </p>
   </div>
   <div class='ocr_carea' id='block_1_7' title="bbox 196 853 966 975">
    <p class='ocr_par' dir='ltr' id='par_1_7' title="bbox 196 853 966 975">
     <span class='ocr_line' id='line_1_7' title="bbox 196 853 793 913; baseline -0.003 -14"><span class='ocrx_word' id='word_1_18' title='bbox 196 860 276 899; x_wconf 83' lang='grc'>425</span> <span class='ocrx_word' id='word_1_19' title='bbox 312 854 409 899; x_wconf 80' lang='lat' dir='ltr'>Deli</span> <span class='ocrx_word' id='word_1_20' title='bbox 439 854 546 898; x_wconf 90' lang='lat' dir='ltr'>deos</span> <span class='ocrx_word' id='word_1_21' title='bbox 579 853 793 913; x_wconf 80' lang='lat' dir='ltr'>geminos.</span> 
     </span>
     <span class='ocr_line' id='line_1_8' title="bbox 866 931 966 975; baseline 0.01 -1"><span class='ocrx_word' id='word_1_22' title='bbox 866 931 966 975; x_wconf 90' lang='lat' dir='ltr'>VIII</span> 
     </span>
    </p>
   </div>
   <div class='ocr_carea' id='block_1_8' title="bbox 312 1008 1548 1071">
    <p class='ocr_par' dir='ltr' id='par_1_8' title="bbox 312 1008 1548 1071">
     <span class='ocr_line' id='line_1_9' title="bbox 312 1008 1548 1071; baseline -0.003 -15"><span class='ocrx_word' id='word_1_23' title='bbox 312 1011 470 1071; x_wconf 59' lang='lat' dir='ltr'>Flagiti</span> <span class='ocrx_word' id='word_1_24' title='bbox 502 1011 756 1071; x_wconf 80' lang='lat' dir='ltr'>principium</span> <span class='ocrx_word' id='word_1_25' title='bbox 789 1014 855 1056; x_wconf 74' lang='lat' dir='ltr'>est</span> <span class='ocrx_word' id='word_1_26' title='bbox 886 1011 1051 1055; x_wconf 81' lang='lat' dir='ltr'>nudare</span> <span class='ocrx_word' id='word_1_27' title='bbox 1082 1009 1192 1054; x_wconf 78' lang='lat' dir='ltr'>inter</span> <span class='ocrx_word' id='word_1_28' title='bbox 1223 1008 1330 1053; x_wconf 86' lang='lat' dir='ltr'>ciuis</span> <span class='ocrx_word' id='word_1_29' title='bbox 1361 1008 1548 1067; x_wconf 79' lang='lat' dir='ltr'>corpora</span> 
     </span>
    </p>
   </div>
   <div class='ocr_carea' id='block_1_9' title="bbox 561 1101 1595 1315">
    <p class='ocr_par' dir='ltr' id='par_1_9' title="bbox 561 1101 1595 1315">
     <span class='ocr_line' id='line_1_10' title="bbox 883 1101 943 1146; baseline 0 0"><span class='ocrx_word' id='word_1_30' title='bbox 883 1101 943 1146; x_wconf 88' lang='lat' dir='ltr'>IX</span> 
     </span>
     <span class='ocr_line' id='line_1_11' title="bbox 561 1178 1595 1241; baseline -0.001 -16"><span class='ocrx_word' id='word_1_31' title='bbox 561 1180 661 1241; x_wconf 88' lang='lat' dir='ltr'>quin</span> <span class='ocrx_word' id='word_1_32' title='bbox 695 1181 794 1225; x_wconf 82' lang='lat' dir='ltr'>inde</span> <span class='ocrx_word' id='word_1_33' title='bbox 825 1180 972 1225; x_wconf 76' lang='lat' dir='ltr'>inuitis</span> <span class='ocrx_word' id='word_1_34' title='bbox 1004 1178 1269 1238; x_wconf 72' lang='lat' dir='ltr'>sumpserint</span> <span class='ocrx_word' id='word_1_35' title='bbox 1299 1178 1595 1238; x_wconf 81' lang='lat' dir='ltr'>perdvellibus</span> 
     </span>
     <span class='ocr_line' id='line_1_12' title="bbox 893 1271 934 1315; baseline 0 0"><span class='ocrx_word' id='word_1_36' title='bbox 893 1271 934 1315; x_wconf 93' lang='lat' dir='ltr'>X</span> 
     </span>
    </p>
   </div>
   <div class='ocr_carea' id='block_1_10' title="bbox 311 1347 1244 1395">
    <p class='ocr_par' dir='ltr' id='par_1_10' title="bbox 311 1347 1244 1395">
     <span class='ocr_line' id='line_1_13' title="bbox 311 1347 1244 1395; baseline -0.002 -2"><span class='ocrx_word' id='word_1_37' title='bbox 311 1348 491 1394; x_wconf 80' lang='lat' dir='ltr'>Amicus</span> <span class='ocrx_word' id='word_1_38' title='bbox 523 1352 668 1394; x_wconf 77' lang='lat' dir='ltr'>certus</span> <span class='ocrx_word' id='word_1_39' title='bbox 701 1351 742 1394; x_wconf 83' lang='lat' dir='ltr'>1&#39;n</span> <span class='ocrx_word' id='word_1_40' title='bbox 774 1365 820 1395; x_wconf 88' lang='lat' dir='ltr'>re</span> <span class='ocrx_word' id='word_1_41' title='bbox 849 1351 1013 1394; x_wconf 80' lang='lat' dir='ltr'>incerta</span> <span class='ocrx_word' id='word_1_42' title='bbox 1043 1347 1244 1394; x_wconf 78' lang='lat' dir='ltr'>cernitur.</span> 
     </span>
    </p>
   </div>
   <div class='ocr_carea' id='block_1_11' title="bbox 162 1510 1649 2428">
    <p class='ocr_par' dir='ltr' id='par_1_11' title="bbox 166 1510 1649 2061">
     <span class='ocr_line' id='line_1_14' title="bbox 173 1510 1649 1557; baseline -0.001 -11"><span class='ocrx_word' id='word_1_43' title='bbox 173 1525 257 1546; x_wconf 72' lang='lat' dir='ltr'>nane</span> <span class='ocrx_word' id='word_1_44' title='bbox 283 1515 416 1546; x_wconf 78' lang='lat' dir='ltr'>misisse</span> <span class='ocrx_word' id='word_1_45' title='bbox 441 1516 533 1545; x_wconf 74' lang='lat' dir='ltr'>aiunt</span> <span class='ocrx_word' id='word_1_46' title='bbox 558 1515 724 1554; x_wconf 78' lang='lat' dir='ltr'>quondam</span> <span class='ocrx_word' id='word_1_47' title='bbox 751 1517 783 1547; x_wconf 86' lang='lat' dir='ltr'>in</span> <span class='ocrx_word' id='word_1_48' title='bbox 805 1517 970 1557; x_wconf 79' lang='lat' dir='ltr'>gremium</span> <span class='ocrx_word' id='word_1_49' title='bbox 991 1514 1131 1546; x_wconf 83' lang='lat' dir='ltr'>imbrem</span> <span class='ocrx_word' id='word_1_50' title='bbox 1151 1523 1299 1545; x_wconf 79' lang='lat' dir='ltr'>aureum.</span> <span class='ocrx_word' id='word_1_51' title='bbox 1322 1510 1328 1556; x_wconf 85' lang='grc' dir='ltr'>Ι</span> <span class='ocrx_word' id='word_1_52' title='bbox 1350 1513 1492 1555; x_wconf 82' lang='lat' dir='ltr'>Egomet</span> <span class='ocrx_word' id='word_1_53' title='bbox 1515 1523 1649 1554; x_wconf 84' lang='lat' dir='ltr'>quoque</span> 
     </span>
     <span class='ocr_line' id='line_1_15' title="bbox 174 1558 1648 1602; baseline -0.001 -10"><span class='ocrx_word' id='word_1_54' title='bbox 174 1562 209 1593; x_wconf 84' lang='lat' dir='ltr'>id</span> <span class='ocrx_word' id='word_1_55' title='bbox 232 1566 385 1602; x_wconf 80' lang='lat' dir='ltr'>spectare</span> <span class='ocrx_word' id='word_1_56' title='bbox 410 1562 523 1602; x_wconf 67' lang='lat' dir='ltr'>coepi:</span> <span class='ocrx_word' id='word_1_57' title='bbox 561 1566 592 1591; x_wconf 77' lang='lat' dir='ltr'>et</span> <span class='ocrx_word' id='word_1_58' title='bbox 625 1561 704 1601; x_wconf 80' lang='lat' dir='ltr'>quia</span> <span class='ocrx_word' id='word_1_59' title='bbox 730 1562 938 1594; x_wconf 76' lang='lat' dir='ltr'>consimilem</span> <span class='ocrx_word' id='word_1_60' title='bbox 967 1561 1092 1593; x_wconf 74' lang='lat' dir='ltr'>luserat</span> <span class='ocrx_word' id='word_1_61' title='bbox 1119 1558 1124 1602; x_wconf 81' lang='grc' dir='ltr'>Ι</span> <span class='ocrx_word' id='word_1_62' title='bbox 1153 1560 1223 1591; x_wconf 77' lang='lat' dir='ltr'>Iam</span> <span class='ocrx_word' id='word_1_63' title='bbox 1249 1559 1329 1591; x_wconf 90' lang='lat' dir='ltr'>olim</span> <span class='ocrx_word' id='word_1_64' title='bbox 1354 1559 1410 1590; x_wconf 89' lang='lat' dir='ltr'>ille</span> <span class='ocrx_word' id='word_1_65' title='bbox 1436 1558 1571 1597; x_wconf 87' lang='lat' dir='ltr'>ludum,</span> <span class='ocrx_word' id='word_1_66' title='bbox 1599 1561 1648 1591; x_wconf 87' lang='lat' dir='ltr'>in-</span> 
     </span>
     <span class='ocr_line' id='line_1_16' title="bbox 172 1606 1647 1650; baseline -0.001 -12"><span class='ocrx_word' id='word_1_67' title='bbox 172 1607 296 1648; x_wconf 84' lang='lat' dir='ltr'>pendio</span> <span class='ocrx_word' id='word_1_68' title='bbox 318 1607 427 1648; x_wconf 76' lang='lat' dir='ltr'>magis</span> <span class='ocrx_word' id='word_1_69' title='bbox 455 1607 586 1637; x_wconf 79' lang='lat' dir='ltr'>animus</span> <span class='ocrx_word' id='word_1_70' title='bbox 618 1607 787 1649; x_wconf 63' lang='lat' dir='ltr'>gaudebat</span> <span class='ocrx_word' id='word_1_71' title='bbox 812 1608 913 1642; x_wconf 80' lang='lat' dir='ltr'>mihi:</span> <span class='ocrx_word' id='word_1_72' title='bbox 942 1606 948 1650; x_wconf 81' lang='grc'>1</span> <span class='ocrx_word' id='word_1_73' title='bbox 980 1608 1085 1638; x_wconf 84' lang='lat' dir='ltr'>Deum</span> <span class='ocrx_word' id='word_1_74' title='bbox 1117 1616 1191 1638; x_wconf 85' lang='lat' dir='ltr'>sese</span> <span class='ocrx_word' id='word_1_75' title='bbox 1216 1606 1249 1637; x_wconf 86' lang='lat' dir='ltr'>in</span> <span class='ocrx_word' id='word_1_76' title='bbox 1274 1606 1420 1647; x_wconf 83' lang='lat' dir='ltr'>pretium</span> <span class='ocrx_word' id='word_1_77' title='bbox 1442 1607 1647 1637; x_wconf 77' lang='lat' dir='ltr'>conuertisse</span> 
     </span>
     <span class='ocr_line' id='line_1_17' title="bbox 172 1650 1646 1695; baseline 0 -11"><span class='ocrx_word' id='word_1_78' title='bbox 172 1658 202 1684; x_wconf 86' lang='lat' dir='ltr'>et</span> <span class='ocrx_word' id='word_1_79' title='bbox 232 1663 293 1694; x_wconf 86' lang='lat' dir='ltr'>per</span> <span class='ocrx_word' id='word_1_80' title='bbox 327 1653 454 1684; x_wconf 74' lang='lat' dir='ltr'>alienas</span> <span class='ocrx_word' id='word_1_81' title='bbox 489 1652 620 1694; x_wconf 69' lang='lat' dir='ltr'>tegulas</span> <span class='ocrx_word' id='word_1_82' title='bbox 657 1651 662 1694; x_wconf 75' lang='grc' dir='ltr'>Ι</span> <span class='ocrx_word' id='word_1_83' title='bbox 698 1654 840 1685; x_wconf 77' lang='lat' dir='ltr'>Venisse</span> <span class='ocrx_word' id='word_1_84' title='bbox 872 1653 1078 1685; x_wconf 73' lang='lat' dir='ltr'>clanculum:</span> <span class='ocrx_word' id='word_1_85' title='bbox 1110 1663 1172 1695; x_wconf 85' lang='lat' dir='ltr'>per</span> <span class='ocrx_word' id='word_1_86' title='bbox 1199 1652 1351 1695; x_wconf 81' lang='lat' dir='ltr'>pluuiam</span> <span class='ocrx_word' id='word_1_87' title='bbox 1383 1650 1497 1682; x_wconf 83' lang='lat' dir='ltr'>fucum</span> <span class='ocrx_word' id='word_1_88' title='bbox 1521 1651 1646 1684; x_wconf 82' lang='lat' dir='ltr'>factum</span> 
     </span>
     <span class='ocr_line' id='line_1_18' title="bbox 170 1696 1647 1742; baseline 0 -13"><span class='ocrx_word' id='word_1_89' title='bbox 170 1699 313 1730; x_wconf 86' lang='lat' dir='ltr'>mulieri.</span> <span class='ocrx_word' id='word_1_90' title='bbox 342 1696 347 1741; x_wconf 64' lang='grc' dir='ltr'>Ι</span> <span class='ocrx_word' id='word_1_91' title='bbox 378 1699 420 1729; x_wconf 80' lang='lat' dir='ltr'>At</span> <span class='ocrx_word' id='word_1_92' title='bbox 445 1709 542 1738; x_wconf 85' lang='lat' dir='ltr'>quem</span> <span class='ocrx_word' id='word_1_93' title='bbox 569 1699 692 1730; x_wconf 71' lang='lat' dir='ltr'>deum?</span> <span class='ocrx_word' id='word_1_94' title='bbox 719 1701 787 1739; x_wconf 85' lang='lat' dir='ltr'>qui</span> <span class='ocrx_word' id='word_1_95' title='bbox 812 1700 990 1742; x_wconf 80' lang='lat' dir='ltr'>templa’</span> <span class='ocrx_word' id='word_1_96' title='bbox 1019 1712 1048 1733; x_wconf 84' lang='lat' dir='ltr'>e.</span> <span class='ocrx_word' id='word_1_97' title='bbox 1073 1710 1104 1739; x_wconf 89' lang='lat' dir='ltr'>q.</span> <span class='ocrx_word' id='word_1_98' title='bbox 1131 1710 1158 1731; x_wconf 87' lang='lat' dir='ltr'>s.</span> <span class='ocrx_word' id='word_1_99' title='bbox 1210 1699 1359 1730; x_wconf 80' lang='lat' dir='ltr'>Donatus</span> <span class='ocrx_word' id='word_1_100' title='bbox 1386 1698 1418 1728; x_wconf 89' lang='lat' dir='ltr'>in</span> <span class='ocrx_word' id='word_1_101' title='bbox 1445 1697 1479 1731; x_wconf 86' lang='lat' dir='ltr'>h.</span> <span class='ocrx_word' id='word_1_102' title='bbox 1509 1697 1530 1729; x_wconf 96' lang='lat' dir='ltr'>l.</span> <span class='ocrx_word' id='word_1_103' title='bbox 1558 1700 1647 1730; x_wconf 50' lang='lat' dir='ltr'>‘som</span> 
     </span>
     <span class='ocr_line' id='line_1_19' title="bbox 169 1742 1644 1787; baseline 0.001 -12"><span class='ocrx_word' id='word_1_104' title='bbox 169 1746 256 1775; x_wconf 82' lang='lat' dir='ltr'>nitu</span> <span class='ocrx_word' id='word_1_105' title='bbox 283 1746 492 1775; x_wconf 77' lang='lat' dir='ltr'>concutit:</span> <span class='ocrx_word' id='word_1_106' title='bbox 528 1742 703 1787; x_wconf 72' lang='grc' dir='ltr'><em>παρῳδιά</em></span> <span class='ocrx_word' id='word_1_107' title='bbox 729 1746 770 1776; x_wconf 79' lang='lat' dir='ltr'>de</span> <span class='ocrx_word' id='word_1_108' title='bbox 795 1747 914 1778; x_wconf 87' lang='lat' dir='ltr'>Ennio.</span> <span class='ocrx_word' id='word_1_109' title='bbox 963 1746 1123 1787; x_wconf 81' lang='lat' dir='ltr'>templa</span> <span class='ocrx_word' id='word_1_110' title='bbox 1149 1744 1280 1776; x_wconf 68' lang='lat' dir='ltr'>ca&#39;eli:</span> <span class='ocrx_word' id='word_1_111' title='bbox 1317 1743 1482 1775; x_wconf 83' lang='lat' dir='ltr'>sententia</span> <span class='ocrx_word' id='word_1_112' title='bbox 1504 1745 1644 1786; x_wconf 82' lang='lat' dir='ltr'>tragica,</span> 
     </span>
     <span class='ocr_line' id='line_1_20' title="bbox 169 1790 1639 1833; baseline 0.001 -12"><span class='ocrx_word' id='word_1_113' title='bbox 169 1791 228 1821; x_wconf 76' lang='lat' dir='ltr'>sed</span> <span class='ocrx_word' id='word_1_114' title='bbox 255 1791 295 1822; x_wconf 85' lang='lat' dir='ltr'>de</span> <span class='ocrx_word' id='word_1_115' title='bbox 320 1791 503 1824; x_wconf 80' lang='lat' dir='ltr'>industria,</span> <span class='ocrx_word' id='word_1_116' title='bbox 531 1801 596 1823; x_wconf 90' lang='lat' dir='ltr'>non</span> <span class='ocrx_word' id='word_1_117' title='bbox 621 1792 754 1822; x_wconf 84' lang='lat' dir='ltr'>errore.’</span> <span class='ocrx_word' id='word_1_118' title='bbox 851 1793 880 1823; x_wconf 79' lang='lat' dir='ltr'>V</span> <span class='ocrx_word' id='word_1_119' title='bbox 914 1792 1040 1823; x_wconf 80' lang='lat' dir='ltr'>Nonius</span> <span class='ocrx_word' id='word_1_120' title='bbox 1068 1802 1101 1833; x_wconf 91' lang='lat' dir='ltr'>p.</span> <span class='ocrx_word' id='word_1_121' title='bbox 1131 1790 1218 1827; x_wconf 78' lang='lat'><strong>196,</strong></span> <span class='ocrx_word' id='word_1_122' title='bbox 1245 1790 1289 1822; x_wconf 82' lang='lat'>30</span> <span class='ocrx_word' id='word_1_123' title='bbox 1323 1793 1563 1822; x_wconf 81' lang='lat' dir='ltr'>‘caementa</span> <span class='ocrx_word' id='word_1_124' title='bbox 1583 1815 1613 1822; x_wconf 91' lang='lat'>..</span> <span class='ocrx_word' id='word_1_125' title='bbox 1630 1813 1639 1822; x_wconf 88' lang='lat'><strong>.</strong></span> 
     </span>
     <span class='ocr_line' id='line_1_21' title="bbox 167 1835 1643 1877; baseline 0.001 -10"><span class='ocrx_word' id='word_1_126' title='bbox 167 1836 321 1867; x_wconf 84' lang='lat' dir='ltr'>feminini</span> <span class='ocrx_word' id='word_1_127' title='bbox 349 1837 489 1868; x_wconf 75' lang='lat' dir='ltr'>Ennius:</span> <span class='ocrx_word' id='word_1_128' title='bbox 515 1836 620 1867; x_wconf 78' lang='lat' dir='ltr'>labat&#39;</span> <span class='ocrx_word' id='word_1_129' title='bbox 649 1850 677 1871; x_wconf 71' lang='lat' dir='ltr'>e,</span> <span class='ocrx_word' id='word_1_130' title='bbox 706 1848 737 1877; x_wconf 85' lang='lat' dir='ltr'>q.</span> <span class='ocrx_word' id='word_1_131' title='bbox 766 1848 792 1869; x_wconf 82' lang='lat' dir='ltr'>s,</span> <span class='ocrx_word' id='word_1_132' title='bbox 889 1838 932 1868; x_wconf 86' lang='lat' dir='ltr'>Vl</span> <span class='ocrx_word' id='word_1_133' title='bbox 958 1839 1064 1869; x_wconf 79' lang='lat' dir='ltr'>Varro</span> <span class='ocrx_word' id='word_1_134' title='bbox 1098 1838 1140 1868; x_wconf 87' lang='lat' dir='ltr'>de</span> <span class='ocrx_word' id='word_1_135' title='bbox 1165 1837 1202 1867; x_wconf 91' lang='lat' dir='ltr'>L.</span> <span class='ocrx_word' id='word_1_136' title='bbox 1228 1836 1266 1869; x_wconf 88' lang='lat' dir='ltr'>L.</span> <span class='ocrx_word' id='word_1_137' title='bbox 1296 1837 1324 1867; x_wconf 94' lang='lat' dir='ltr'>V</span> <span class='ocrx_word' id='word_1_138' title='bbox 1352 1835 1393 1867; x_wconf 82' lang='lat'>19</span> <span class='ocrx_word' id='word_1_139' title='bbox 1419 1836 1463 1867; x_wconf 89' lang='grc' dir='ltr'>Μ.</span> <span class='ocrx_word' id='word_1_140' title='bbox 1498 1843 1535 1868; x_wconf 74' lang='lat' dir='ltr'>‘a</span> <span class='ocrx_word' id='word_1_141' title='bbox 1560 1837 1643 1868; x_wconf 83' lang='lat' dir='ltr'>chao</span> 
     </span>
     <span class='ocr_line' id='line_1_22' title="bbox 167 1882 1641 1921; baseline 0.001 -8"><span class='ocrx_word' id='word_1_142' title='bbox 167 1882 307 1921; x_wconf 81' lang='lat' dir='ltr'>choum,</span> <span class='ocrx_word' id='word_1_143' title='bbox 341 1882 419 1913; x_wconf 86' lang='lat' dir='ltr'>hino</span> <span class='ocrx_word' id='word_1_144' title='bbox 451 1893 570 1913; x_wconf 78' lang='lat' dir='ltr'>cauum</span> <span class='ocrx_word' id='word_1_145' title='bbox 597 1888 627 1913; x_wconf 66' lang='lat' dir='ltr'>et</span> <span class='ocrx_word' id='word_1_146' title='bbox 652 1883 729 1913; x_wconf 77' lang='lat' dir='ltr'>hinc</span> <span class='ocrx_word' id='word_1_147' title='bbox 763 1883 924 1914; x_wconf 71' lang='lat' dir='ltr'>caelum</span> <span class='ocrx_word' id='word_1_148' title='bbox 1028 1888 1056 1914; x_wconf 76' lang='lat' dir='ltr'>ot</span> <span class='ocrx_word' id='word_1_149' title='bbox 1084 1883 1211 1914; x_wconf 85' lang='lat' dir='ltr'>Ennius</span> <span class='ocrx_word' id='word_1_150' title='bbox 1236 1883 1313 1913; x_wconf 70' lang='lat' dir='ltr'>item</span> <span class='ocrx_word' id='word_1_151' title='bbox 1347 1882 1387 1913; x_wconf 82' lang='lat' dir='ltr'>ad</span> <span class='ocrx_word' id='word_1_152' title='bbox 1416 1883 1641 1914; x_wconf 79' lang='lat' dir='ltr'>cauationem:</span> 
     </span>
     <span class='ocr_line' id='line_1_23' title="bbox 167 1927 1643 1970; baseline 0.001 -11"><span class='ocrx_word' id='word_1_153' title='bbox 167 1928 251 1959; x_wconf 75' lang='lat' dir='ltr'>caeli</span> <span class='ocrx_word' id='word_1_154' title='bbox 272 1930 292 1960; x_wconf 92' lang='lat' dir='ltr'>i.</span> <span class='ocrx_word' id='word_1_155' title='bbox 313 1928 349 1959; x_wconf 84' lang='lat' dir='ltr'>f.&#39;</span> <span class='ocrx_word' id='word_1_156' title='bbox 398 1928 512 1960; x_wconf 78' lang='lat' dir='ltr'>Cicero</span> <span class='ocrx_word' id='word_1_157' title='bbox 536 1929 577 1959; x_wconf 84' lang='lat' dir='ltr'>de</span> <span class='ocrx_word' id='word_1_158' title='bbox 599 1934 681 1960; x_wconf 77' lang='lat' dir='ltr'>orat.</span> <span class='ocrx_word' id='word_1_159' title='bbox 703 1929 822 1967; x_wconf 79' lang='grc'><strong>11140,</strong></span> <span class='ocrx_word' id='word_1_160' title='bbox 846 1930 907 1961; x_wconf 73' lang='lat'>162</span> <span class='ocrx_word' id='word_1_161' title='bbox 935 1930 1018 1969; x_wconf 84' lang='lat' dir='ltr'>‘quo</span> <span class='ocrx_word' id='word_1_162' title='bbox 1040 1930 1071 1959; x_wconf 92' lang='lat' dir='ltr'>in</span> <span class='ocrx_word' id='word_1_163' title='bbox 1090 1939 1212 1970; x_wconf 78' lang='lat' dir='ltr'>genere</span> <span class='ocrx_word' id='word_1_164' title='bbox 1236 1929 1382 1969; x_wconf 89' lang='lat' dir='ltr'>primum</span> <span class='ocrx_word' id='word_1_165' title='bbox 1408 1933 1457 1959; x_wconf 86' lang='lat' dir='ltr'>est</span> <span class='ocrx_word' id='word_1_166' title='bbox 1481 1927 1643 1970; x_wconf 82' lang='lat' dir='ltr'>fugienda</span> 
     </span>
     <span class='ocr_line' id='line_1_24' title="bbox 166 1974 1641 2016; baseline 0.001 -11"><span class='ocrx_word' id='word_1_167' title='bbox 166 1974 425 2005; x_wconf 77' lang='lat' dir='ltr'>dissimilitudo:</span> <span class='ocrx_word' id='word_1_168' title='bbox 453 1974 536 2004; x_wconf 80' lang='lat' dir='ltr'>caeli</span> <span class='ocrx_word' id='word_1_169' title='bbox 554 1975 576 2007; x_wconf 80' lang='grc'>1,</span> <span class='ocrx_word' id='word_1_170' title='bbox 600 1974 625 2006; x_wconf 84' lang='lat' dir='ltr'>f.</span> <span class='ocrx_word' id='word_1_171' title='bbox 677 1974 838 2011; x_wconf 76' lang='lat' dir='ltr'>Quamuis</span> <span class='ocrx_word' id='word_1_172' title='bbox 858 1975 1037 2016; x_wconf 69' lang='lat' dir='ltr'>sphaeram</span> <span class='ocrx_word' id='word_1_173' title='bbox 1063 1975 1096 2005; x_wconf 87' lang='grc'>111</span> <span class='ocrx_word' id='word_1_174' title='bbox 1121 1984 1254 2005; x_wconf 76' lang='lat' dir='ltr'>scenam</span> <span class='ocrx_word' id='word_1_175' title='bbox 1285 1974 1337 2014; x_wconf 85' lang='lat' dir='ltr'>(ut</span> <span class='ocrx_word' id='word_1_176' title='bbox 1359 1974 1496 2014; x_wconf 77' lang='lat' dir='ltr'>dieitur)</span> <span class='ocrx_word' id='word_1_177' title='bbox 1523 1975 1641 2006; x_wconf 78' lang='lat' dir='ltr'>attule-</span> 
     </span>
     <span class='ocr_line' id='line_1_25' title="bbox 166 2020 1592 2061; baseline 0.003 -12"><span class='ocrx_word' id='word_1_178' title='bbox 166 2020 204 2049; x_wconf 91' lang='lat' dir='ltr'>rit</span> <span class='ocrx_word' id='word_1_179' title='bbox 238 2020 383 2053; x_wconf 80' lang='lat' dir='ltr'>Ennius,</span> <span class='ocrx_word' id='word_1_180' title='bbox 419 2025 527 2050; x_wconf 75' lang='lat' dir='ltr'>tamen</span> <span class='ocrx_word' id='word_1_181' title='bbox 560 2020 592 2049; x_wconf 92' lang='lat' dir='ltr'>in</span> <span class='ocrx_word' id='word_1_182' title='bbox 626 2020 771 2061; x_wconf 77' lang='lat' dir='ltr'>sphaera</span> <span class='ocrx_word' id='word_1_183' title='bbox 804 2021 943 2051; x_wconf 73' lang='lat' dir='ltr'>fornicis</span> <span class='ocrx_word' id='word_1_184' title='bbox 977 2020 1163 2052; x_wconf 76' lang='lat' dir='ltr'>similitudo</span> <span class='ocrx_word' id='word_1_185' title='bbox 1201 2030 1265 2051; x_wconf 93' lang='lat' dir='ltr'>non</span> <span class='ocrx_word' id='word_1_186' title='bbox 1305 2024 1413 2061; x_wconf 85' lang='lat' dir='ltr'>potest</span> <span class='ocrx_word' id='word_1_187' title='bbox 1457 2021 1592 2053; x_wconf 59' lang='lat' dir='ltr'>inesse!</span> 
     </span>
    </p>

    <p class='ocr_par' dir='ltr' id='par_1_12' title="bbox 162 2064 1641 2428">
     <span class='ocr_line' id='line_1_26' title="bbox 211 2064 1640 2107; baseline 0.003 -13"><span class='ocrx_word' id='word_1_188' title='bbox 211 2066 271 2095; x_wconf 87' lang='lat' dir='ltr'>VII</span> <span class='ocrx_word' id='word_1_189' title='bbox 297 2066 404 2096; x_wconf 76' lang='lat' dir='ltr'>Varro</span> <span class='ocrx_word' id='word_1_190' title='bbox 431 2065 472 2095; x_wconf 81' lang='lat' dir='ltr'>de</span> <span class='ocrx_word' id='word_1_191' title='bbox 497 2065 536 2097; x_wconf 87' lang='lat' dir='ltr'>L.</span> <span class='ocrx_word' id='word_1_192' title='bbox 564 2065 601 2098; x_wconf 87' lang='lat' dir='ltr'>L.</span> <span class='ocrx_word' id='word_1_193' title='bbox 628 2066 688 2096; x_wconf 89' lang='lat' dir='ltr'>Vll</span> <span class='ocrx_word' id='word_1_194' title='bbox 726 2066 767 2097; x_wconf 72' lang='lat' dir='ltr'>lo</span> <span class='ocrx_word' id='word_1_195' title='bbox 793 2067 836 2097; x_wconf 87' lang='lat' dir='ltr'>M.</span> <span class='ocrx_word' id='word_1_196' title='bbox 888 2067 1033 2097; x_wconf 85' lang='lat' dir='ltr'>‘Ennius</span> <span class='ocrx_word' id='word_1_197' title='bbox 1067 2065 1171 2107; x_wconf 71' lang='lat' dir='ltr'>[Med.</span> <span class='ocrx_word' id='word_1_198' title='bbox 1206 2065 1247 2099; x_wconf 77' lang='lat' dir='ltr'>fr.</span> <span class='ocrx_word' id='word_1_199' title='bbox 1274 2064 1399 2107; x_wconf 86' lang='lat' dir='ltr'>XVIII]</span> <span class='ocrx_word' id='word_1_200' title='bbox 1510 2066 1640 2099; x_wconf 81' lang='lat' dir='ltr'>Titanis</span> 
     </span>
     <span class='ocr_line' id='line_1_27' title="bbox 165 2110 1641 2152; baseline 0.003 -11"><span class='ocrx_word' id='word_1_201' title='bbox 165 2110 271 2149; x_wconf 81' lang='lat' dir='ltr'>dicta,</span> <span class='ocrx_word' id='word_1_202' title='bbox 301 2111 389 2149; x_wconf 82' lang='lat' dir='ltr'>quod</span> <span class='ocrx_word' id='word_1_203' title='bbox 416 2121 487 2140; x_wconf 61' lang='lat' dir='ltr'>eam</span> <span class='ocrx_word' id='word_1_204' title='bbox 514 2112 629 2152; x_wconf 54' lang='lat' dir='ltr'>gennit,</span> <span class='ocrx_word' id='word_1_205' title='bbox 655 2112 783 2143; x_wconf 76' lang='lat' dir='ltr'>Titanis</span> <span class='ocrx_word' id='word_1_206' title='bbox 808 2112 901 2144; x_wconf 80' lang='lat' dir='ltr'>Lato.</span> <span class='ocrx_word' id='word_1_207' title='bbox 953 2113 1034 2143; x_wconf 82' lang='lat' dir='ltr'>Lato</span> <span class='ocrx_word' id='word_1_208' title='bbox 1057 2113 1164 2151; x_wconf 78' lang='lat' dir='ltr'>enim,</span> <span class='ocrx_word' id='word_1_209' title='bbox 1192 2117 1225 2142; x_wconf 80' lang='lat' dir='ltr'>ut</span> <span class='ocrx_word' id='word_1_210' title='bbox 1252 2112 1367 2142; x_wconf 75' lang='lat' dir='ltr'>scribit</span> <span class='ocrx_word' id='word_1_211' title='bbox 1386 2111 1562 2151; x_wconf 80' lang='lat' dir='ltr'>Manilius,</span> <span class='ocrx_word' id='word_1_212' title='bbox 1590 2119 1641 2145; x_wconf 82' lang='lat' dir='ltr'>est</span> 
     </span>
     <span class='ocr_line' id='line_1_28' title="bbox 165 2155 1637 2199; baseline 0.002 -12"><span class='ocrx_word' id='word_1_213' title='bbox 165 2155 250 2188; x_wconf 75' lang='lat' dir='ltr'>Coeo</span> <span class='ocrx_word' id='word_1_214' title='bbox 269 2161 379 2187; x_wconf 67' lang='lat' dir='ltr'>oruata</span> <span class='ocrx_word' id='word_1_215' title='bbox 398 2156 539 2188; x_wconf 82' lang='lat' dir='ltr'>Titanis.</span> <span class='ocrx_word' id='word_1_216' title='bbox 591 2157 641 2187; x_wconf 83' lang='lat' dir='ltr'>Vt</span> <span class='ocrx_word' id='word_1_217' title='bbox 663 2157 770 2188; x_wconf 90' lang='lat' dir='ltr'>idem</span> <span class='ocrx_word' id='word_1_218' title='bbox 795 2158 929 2190; x_wconf 82' lang='lat' dir='ltr'>scribit:</span> <span class='ocrx_word' id='word_1_219' title='bbox 968 2158 1112 2188; x_wconf 80' lang='lat' dir='ltr'>Latona&#39;</span> <span class='ocrx_word' id='word_1_220' title='bbox 1139 2168 1167 2187; x_wconf 76' lang='lat' dir='ltr'>e.</span> <span class='ocrx_word' id='word_1_221' title='bbox 1186 2169 1217 2198; x_wconf 84' lang='lat' dir='ltr'>q.</span> <span class='ocrx_word' id='word_1_222' title='bbox 1241 2168 1267 2188; x_wconf 76' lang='lat' dir='ltr'>s,</span> <span class='ocrx_word' id='word_1_223' title='bbox 1298 2158 1351 2188; x_wconf 90' lang='lat' dir='ltr'>‘id</span> <span class='ocrx_word' id='word_1_224' title='bbox 1378 2163 1425 2189; x_wconf 78' lang='lat' dir='ltr'>est</span> <span class='ocrx_word' id='word_1_225' title='bbox 1447 2158 1637 2199; x_wconf 81' lang='lat' dir='ltr'>Apollinem</span> 
     </span>
     <span class='ocr_line' id='line_1_29' title="bbox 164 2202 1639 2236; baseline 0.003 -4"><span class='ocrx_word' id='word_1_226' title='bbox 164 2207 194 2232; x_wconf 86' lang='lat' dir='ltr'>et</span> <span class='ocrx_word' id='word_1_227' title='bbox 217 2202 384 2232; x_wconf 56' lang='lat' dir='ltr'>Dianam!</span> <span class='ocrx_word' id='word_1_228' title='bbox 424 2202 477 2232; x_wconf 82' lang='lat' dir='ltr'>Ad</span> <span class='ocrx_word' id='word_1_229' title='bbox 495 2202 635 2232; x_wconf 87' lang='lat' dir='ltr'>Ennium</span> <span class='ocrx_word' id='word_1_230' title='bbox 658 2203 711 2235; x_wconf 80' lang='lat' dir='ltr'>his</span> <span class='ocrx_word' id='word_1_231' title='bbox 730 2204 842 2235; x_wconf 77' lang='lat' dir='ltr'>uerbis</span> <span class='ocrx_word' id='word_1_232' title='bbox 863 2210 901 2233; x_wconf 90' lang='lat' dir='ltr'>ut</span> <span class='ocrx_word' id='word_1_233' title='bbox 926 2204 965 2234; x_wconf 88' lang='lat' dir='ltr'>id</span> <span class='ocrx_word' id='word_1_234' title='bbox 975 2216 991 2233; x_wconf 64' lang='grc' dir='ltr'>υ,</span> <span class='ocrx_word' id='word_1_235' title='bbox 1002 2214 1033 2234; x_wconf 88' lang='grc'>111</span> <span class='ocrx_word' id='word_1_236' title='bbox 1055 2204 1164 2234; x_wconf 78' lang='lat' dir='ltr'>redire</span> <span class='ocrx_word' id='word_1_237' title='bbox 1178 2204 1363 2235; x_wconf 75' lang='lat' dir='ltr'>Varronem</span> <span class='ocrx_word' id='word_1_238' title='bbox 1379 2204 1417 2236; x_wconf 87' lang='lat' dir='ltr'>O.</span> <span class='ocrx_word' id='word_1_239' title='bbox 1434 2204 1639 2236; x_wconf 79' lang='lat' dir='ltr'>Ribbeckius</span> 
     </span>
     <span class='ocr_line' id='line_1_30' title="bbox 163 2248 1637 2292; baseline 0.003 -14"><span class='ocrx_word' id='word_1_240' title='bbox 163 2249 338 2290; x_wconf 71' lang='lat' dir='ltr'>perspexit.</span> <span class='ocrx_word' id='word_1_241' title='bbox 359 2248 445 2278; x_wconf 70' lang='lat' dir='ltr'>conl.</span> <span class='ocrx_word' id='word_1_242' title='bbox 469 2250 563 2279; x_wconf 76' lang='lat' dir='ltr'>Varr.</span> <span class='ocrx_word' id='word_1_243' title='bbox 586 2249 644 2279; x_wconf 76' lang='lat' dir='ltr'>Vll</span> <span class='ocrx_word' id='word_1_244' title='bbox 660 2248 703 2280; x_wconf 75' lang='lat'>65</span> <span class='ocrx_word' id='word_1_245' title='bbox 718 2250 760 2280; x_wconf 83' lang='lat' dir='ltr'>M.</span> <span class='ocrx_word' id='word_1_246' title='bbox 857 2250 934 2280; x_wconf 89' lang='lat' dir='ltr'>Vlll</span> <span class='ocrx_word' id='word_1_247' title='bbox 953 2250 1068 2281; x_wconf 57' lang='lat' dir='ltr'>Cinero</span> <span class='ocrx_word' id='word_1_248' title='bbox 1089 2250 1188 2281; x_wconf 68' lang='lat' dir='ltr'>Tusa.</span> <span class='ocrx_word' id='word_1_249' title='bbox 1212 2250 1301 2292; x_wconf 84' lang='lat' dir='ltr'>disp.</span> <span class='ocrx_word' id='word_1_250' title='bbox 1327 2251 1371 2281; x_wconf 86' lang='lat' dir='ltr'>IV</span> <span class='ocrx_word' id='word_1_251' title='bbox 1392 2249 1447 2288; x_wconf 84' lang='lat'>33,</span> <span class='ocrx_word' id='word_1_252' title='bbox 1469 2250 1512 2282; x_wconf 82' lang='lat'>70</span> <span class='ocrx_word' id='word_1_253' title='bbox 1534 2251 1637 2283; x_wconf 84' lang='lat' dir='ltr'>‘bene</span> 
     </span>
     <span class='ocr_line' id='line_1_31' title="bbox 162 2294 1636 2338; baseline 0.002 -14"><span class='ocrx_word' id='word_1_254' title='bbox 162 2304 241 2335; x_wconf 79' lang='lat' dir='ltr'>ergo</span> <span class='ocrx_word' id='word_1_255' title='bbox 275 2294 417 2325; x_wconf 83' lang='lat' dir='ltr'>Ennius:</span> <span class='ocrx_word' id='word_1_256' title='bbox 455 2295 577 2335; x_wconf 71' lang='lat' dir='ltr'>flag-‘ui&#39;</span> <span class='ocrx_word' id='word_1_257' title='bbox 612 2307 641 2326; x_wconf 79' lang='lat' dir='ltr'>e.</span> <span class='ocrx_word' id='word_1_258' title='bbox 672 2306 703 2334; x_wconf 80' lang='lat' dir='ltr'>q.</span> <span class='ocrx_word' id='word_1_259' title='bbox 739 2306 765 2326; x_wconf 79' lang='lat' dir='ltr'>S.</span> <span class='ocrx_word' id='word_1_260' title='bbox 863 2295 909 2326; x_wconf 85' lang='lat' dir='ltr'>IX</span> <span class='ocrx_word' id='word_1_261' title='bbox 942 2297 1047 2327; x_wconf 82' lang='lat' dir='ltr'>Varro</span> <span class='ocrx_word' id='word_1_262' title='bbox 1078 2296 1118 2326; x_wconf 89' lang='lat' dir='ltr'>de</span> <span class='ocrx_word' id='word_1_263' title='bbox 1149 2295 1186 2326; x_wconf 93' lang='lat' dir='ltr'>L.</span> <span class='ocrx_word' id='word_1_264' title='bbox 1215 2297 1251 2327; x_wconf 78' lang='lat' dir='ltr'>L.</span> <span class='ocrx_word' id='word_1_265' title='bbox 1289 2295 1419 2327; x_wconf 76' lang='lat' dir='ltr'>V1149</span> <span class='ocrx_word' id='word_1_266' title='bbox 1443 2295 1486 2327; x_wconf 85' lang='lat' dir='ltr'>M.</span> <span class='ocrx_word' id='word_1_267' title='bbox 1527 2297 1636 2338; x_wconf 83' lang='lat' dir='ltr'>‘apud</span> 
     </span>
     <span class='ocr_line' id='line_1_32' title="bbox 162 2340 1633 2382; baseline 0.003 -12"><span class='ocrx_word' id='word_1_268' title='bbox 162 2340 321 2370; x_wconf 86' lang='lat' dir='ltr'>Ennium:</span> <span class='ocrx_word' id='word_1_269' title='bbox 349 2340 447 2379; x_wconf 86' lang='lat' dir='ltr'>qnin&#39;</span> <span class='ocrx_word' id='word_1_270' title='bbox 478 2351 505 2371; x_wconf 78' lang='lat' dir='ltr'>e.</span> <span class='ocrx_word' id='word_1_271' title='bbox 526 2351 558 2379; x_wconf 90' lang='lat' dir='ltr'>q.</span> <span class='ocrx_word' id='word_1_272' title='bbox 580 2351 607 2371; x_wconf 89' lang='lat' dir='ltr'>s.</span> <span class='ocrx_word' id='word_1_273' title='bbox 638 2340 909 2382; x_wconf 82' lang='lat' dir='ltr'>‘perduelles</span> <span class='ocrx_word' id='word_1_274' title='bbox 939 2342 1094 2373; x_wconf 78' lang='lat' dir='ltr'>dicuntur</span> <span class='ocrx_word' id='word_1_275' title='bbox 1112 2341 1250 2376; x_wconf 81' lang='lat' dir='ltr'>hostes,‘</span> <span class='ocrx_word' id='word_1_276' title='bbox 1347 2342 1377 2373; x_wconf 90' lang='lat' dir='ltr'>X</span> <span class='ocrx_word' id='word_1_277' title='bbox 1405 2341 1520 2374; x_wconf 79' lang='lat' dir='ltr'>Cicero</span> <span class='ocrx_word' id='word_1_278' title='bbox 1541 2343 1633 2375; x_wconf 77' lang='lat' dir='ltr'>Lael.</span> 
     </span>
     <span class='ocr_line' id='line_1_33' title="bbox 163 2385 1171 2428; baseline 0.006 -12"><span class='ocrx_word' id='word_1_279' title='bbox 163 2385 222 2424; x_wconf 90' lang='grc'>17,</span> <span class='ocrx_word' id='word_1_280' title='bbox 250 2385 294 2417; x_wconf 80' lang='grc'>64</span> <span class='ocrx_word' id='word_1_281' title='bbox 322 2386 540 2427; x_wconf 79' lang='lat' dir='ltr'>‘quamquam</span> <span class='ocrx_word' id='word_1_282' title='bbox 570 2387 696 2418; x_wconf 86' lang='lat' dir='ltr'>Ennius</span> <span class='ocrx_word' id='word_1_283' title='bbox 724 2392 831 2419; x_wconf 79' lang='lat' dir='ltr'>reete:</span> <span class='ocrx_word' id='word_1_284' title='bbox 858 2389 1003 2420; x_wconf 80' lang='lat' dir='ltr'>amieus&#39;</span> <span class='ocrx_word' id='word_1_285' title='bbox 1028 2399 1057 2419; x_wconf 85' lang='lat' dir='ltr'>e.</span> <span class='ocrx_word' id='word_1_286' title='bbox 1085 2399 1171 2428; x_wconf 82' lang='lat' dir='ltr'>q--S.</span> 
     </span>
    </p>
   </div>
   <div class='ocr_carea' id='block_1_12' title="bbox 157 2524 1634 2676">
    <p class='ocr_par' dir='ltr' id='par_1_13' title="bbox 157 2524 1634 2676">
     <span class='ocr_line' id='line_1_34' title="bbox 212 2524 1634 2564; baseline 0.004 -6"><span class='ocrx_word' id='word_1_287' title='bbox 212 2526 280 2558; x_wconf 86' lang='grc'>422</span> <span class='ocrx_word' id='word_1_288' title='bbox 301 2524 469 2558; x_wconf 79' lang='lat' dir='ltr'>labuntur</span> <span class='ocrx_word' id='word_1_289' title='bbox 497 2524 577 2559; x_wconf 78' lang='lat' dir='ltr'>edd.</span> <span class='ocrx_word' id='word_1_290' title='bbox 600 2526 820 2560; x_wconf 77' lang='lat' dir='ltr'>lababuntur</span> <span class='ocrx_word' id='word_1_291' title='bbox 840 2525 923 2560; x_wconf 78' lang='lat' dir='ltr'>libri</span> <span class='ocrx_word' id='word_1_292' title='bbox 1037 2529 1249 2560; x_wconf 60' lang='lat' dir='ltr'>caementato</span> <span class='ocrx_word' id='word_1_293' title='bbox 1268 2526 1414 2561; x_wconf 73' lang='lat' dir='ltr'>Junius.</span> <span class='ocrx_word' id='word_1_294' title='bbox 1445 2532 1634 2564; x_wconf 81' lang='lat' dir='ltr'>caementa</span> 
     </span>
     <span class='ocr_line' id='line_1_35' title="bbox 157 2578 1631 2628; baseline 0.006 -17"><span class='ocrx_word' id='word_1_295' title='bbox 157 2578 239 2612; x_wconf 72' lang='lat' dir='ltr'>libri</span> <span class='ocrx_word' id='word_1_296' title='bbox 376 2582 444 2615; x_wconf 82' lang='grc'>424</span> <span class='ocrx_word' id='word_1_297' title='bbox 478 2581 588 2626; x_wconf 79' lang='lat' dir='ltr'>pariit</span> <span class='ocrx_word' id='word_1_298' title='bbox 623 2581 733 2615; x_wconf 73' lang='grc' dir='ltr'>ιΡαν.</span> <span class='ocrx_word' id='word_1_299' title='bbox 768 2593 791 2615; x_wconf 84' lang='grc' dir='ltr'><em>α</em></span> <span class='ocrx_word' id='word_1_300' title='bbox 820 2587 852 2616; x_wconf 78' lang='lat' dir='ltr'>ec</span> <span class='ocrx_word' id='word_1_301' title='bbox 881 2582 919 2626; x_wconf 81' lang='lat' dir='ltr'>b,</span> <span class='ocrx_word' id='word_1_302' title='bbox 956 2584 989 2617; x_wconf 81' lang='lat' dir='ltr'>si</span> <span class='ocrx_word' id='word_1_303' title='bbox 1015 2585 1113 2616; x_wconf 78' lang='lat' dir='ltr'>recle</span> <span class='ocrx_word' id='word_1_304' title='bbox 1142 2582 1295 2616; x_wconf 77' lang='lat' dir='ltr'>relatum</span> <span class='ocrx_word' id='word_1_305' title='bbox 1324 2586 1386 2617; x_wconf 80' lang='lat' dir='ltr'>est.</span> <span class='ocrx_word' id='word_1_306' title='bbox 1421 2584 1517 2628; x_wconf 82' lang='lat' dir='ltr'>parit</span> <span class='ocrx_word' id='word_1_307' title='bbox 1551 2589 1631 2620; x_wconf 80' lang='lat' dir='ltr'>cett.</span> 
     </span>
     <span class='ocr_line' id='line_1_36' title="bbox 157 2632 1630 2676; baseline 0.006 -9"><span class='ocrx_word' id='word_1_308' title='bbox 157 2632 273 2667; x_wconf 75' lang='lat' dir='ltr'>codd.7</span> <span class='ocrx_word' id='word_1_309' title='bbox 307 2634 344 2670; x_wconf 83' lang='lat'>0.</span> <span class='ocrx_word' id='word_1_310' title='bbox 376 2634 429 2669; x_wconf 88' lang='lat' dir='ltr'>M.</span> <span class='ocrx_word' id='word_1_311' title='bbox 547 2641 649 2671; x_wconf 78' lang='lat' dir='ltr'>easta</span> <span class='ocrx_word' id='word_1_312' title='bbox 679 2637 782 2673; x_wconf 88' lang='lat' dir='ltr'>Flor.</span> <span class='ocrx_word' id='word_1_313' title='bbox 814 2638 941 2674; x_wconf 78' lang='lat' dir='ltr'>Hcczm.</span> <span class='ocrx_word' id='word_1_314' title='bbox 981 2643 1082 2673; x_wconf 77' lang='lat' dir='ltr'>casto</span> <span class='ocrx_word' id='word_1_315' title='bbox 1114 2638 1224 2672; x_wconf 75' lang='lat' dir='ltr'>ceteri</span> <span class='ocrx_word' id='word_1_316' title='bbox 1252 2638 1336 2672; x_wconf 68' lang='lat' dir='ltr'>libra·</span> <span class='ocrx_word' id='word_1_317' title='bbox 1459 2641 1527 2675; x_wconf 80' lang='lat'>425</span> <span class='ocrx_word' id='word_1_318' title='bbox 1554 2640 1630 2676; x_wconf 90' lang='lat' dir='ltr'>Deli</span> 
     </span>
    </p>
   </div>
   <div class='ocr_carea' id='block_1_13' title="bbox 155 2689 1628 2844">
    <p class='ocr_par' dir='ltr' id='par_1_14' title="bbox 155 2689 1628 2844">
     <span class='ocr_line' id='line_1_37' title="bbox 157 2689 1628 2739; baseline 0.007 -17"><span class='ocrx_word' id='word_1_319' title='bbox 157 2690 272 2733; x_wconf 67' lang='lat' dir='ltr'>zculyo.</span> <span class='ocrx_word' id='word_1_320' title='bbox 302 2689 404 2724; x_wconf 71' lang='lat' dir='ltr'>Delia</span> <span class='ocrx_word' id='word_1_321' title='bbox 433 2691 515 2727; x_wconf 78' lang='lat' dir='ltr'>libri</span> <span class='ocrx_word' id='word_1_322' title='bbox 637 2696 706 2730; x_wconf 81' lang='lat'>426</span> <span class='ocrx_word' id='word_1_323' title='bbox 739 2693 831 2728; x_wconf 87' lang='lat' dir='ltr'>einis</span> <span class='ocrx_word' id='word_1_324' title='bbox 863 2694 954 2729; x_wconf 76' lang='lat' dir='ltr'>Gml.</span> <span class='ocrx_word' id='word_1_325' title='bbox 978 2695 1080 2729; x_wconf 84' lang='lat' dir='ltr'>ciues</span> <span class='ocrx_word' id='word_1_326' title='bbox 1108 2694 1220 2728; x_wconf 78' lang='lat' dir='ltr'>celeri</span> <span class='ocrx_word' id='word_1_327' title='bbox 1343 2696 1410 2731; x_wconf 86' lang='grc'>427</span> <span class='ocrx_word' id='word_1_328' title='bbox 1434 2695 1519 2739; x_wconf 85' lang='lat' dir='ltr'>quin</span> <span class='ocrx_word' id='word_1_329' title='bbox 1543 2696 1628 2731; x_wconf 88' lang='lat' dir='ltr'>inde</span> 
     </span>
     <span class='ocr_line' id='line_1_38' title="bbox 155 2744 1626 2796; baseline 0.007 -19"><span class='ocrx_word' id='word_1_330' title='bbox 155 2744 257 2778; x_wconf 80' lang='lat' dir='ltr'>Flor.</span> <span class='ocrx_word' id='word_1_331' title='bbox 279 2746 369 2779; x_wconf 77' lang='lat' dir='ltr'>Par.</span> <span class='ocrx_word' id='word_1_332' title='bbox 394 2758 430 2780; x_wconf 80' lang='grc' dir='ltr'>(ι.</span> <span class='ocrx_word' id='word_1_333' title='bbox 456 2748 589 2792; x_wconf 76' lang='lat' dir='ltr'>quoius</span> <span class='ocrx_word' id='word_1_334' title='bbox 624 2749 708 2783; x_wconf 83' lang='lat' dir='ltr'>inde</span> <span class='ocrx_word' id='word_1_335' title='bbox 732 2749 834 2784; x_wconf 73' lang='lat' dir='ltr'>Goth.</span> <span class='ocrx_word' id='word_1_336' title='bbox 857 2750 964 2796; x_wconf 80' lang='lat' dir='ltr'>quius</span> <span class='ocrx_word' id='word_1_337' title='bbox 993 2750 1079 2785; x_wconf 90' lang='lat' dir='ltr'>inde</span> <span class='ocrx_word' id='word_1_338' title='bbox 1100 2749 1225 2785; x_wconf 69' lang='lat' dir='ltr'>liccem.</span> <span class='ocrx_word' id='word_1_339' title='bbox 1249 2749 1349 2795; x_wconf 83' lang='lat' dir='ltr'>quod</span> <span class='ocrx_word' id='word_1_340' title='bbox 1371 2749 1456 2784; x_wconf 85' lang='lat' dir='ltr'>inde</span> <span class='ocrx_word' id='word_1_341' title='bbox 1479 2751 1570 2786; x_wconf 76' lang='lat' dir='ltr'>Par.</span> <span class='ocrx_word' id='word_1_342' title='bbox 1592 2753 1626 2789; x_wconf 84' lang='lat' dir='ltr'>h.</span> 
     </span>
     <span class='ocr_line' id='line_1_39' title="bbox 157 2798 640 2844; baseline 0.017 -14"><span class='ocrx_word' id='word_1_343' title='bbox 157 2798 243 2844; x_wconf 84' lang='lat' dir='ltr'>quid</span> <span class='ocrx_word' id='word_1_344' title='bbox 265 2800 361 2835; x_wconf 82' lang='lat' dir='ltr'>unde</span> <span class='ocrx_word' id='word_1_345' title='bbox 388 2801 546 2837; x_wconf 78' lang='lat' dir='ltr'>Turnebi</span> <span class='ocrx_word' id='word_1_346' title='bbox 563 2804 640 2838; x_wconf 79' lang='lat' dir='ltr'>cod.</span> 
     </span>
    </p>
   </div>
  </div>
 </body>
</html>
