1762 3057
148 185 229 226 166
579 186 1201 223 iticiivi‘HAGETICORVM

632 318 1134 364 HEDVPHAGETICA

284 442 494 488 Omnibus
524 442 578 486 ad
605 441 814 501 Clupeam
844 444 1037 500 praestat
1065 441 1250 486 mustela
1282 442 1458 486 marina.

282 512 427 554 Mures
459 514 561 554 sunt
586 511 720 565 Aeni,
761 510 906 568 spissa
933 513 1080 554 ostrea
1111 510 1295 568 plurima
1326 510 1484 569 Abydi.

282 579 360 622 Est
408 583 563 636 pecten
604 579 836 637 Mitylenae
881 581 924 622 et
963 578 1078 636 apud
1119 577 1384 622 Charadram
1432 578 1625 622 Ambra-

1030 646 1240 706 ciamque.

281 711 515 756 Brundusii
542 716 744 772 sargust:
782 713 896 758 hunc
926 728 1115 773 magnus
1152 714 1188 758 si
1223 713 1302 758 erit
1327 713 1401 757 tibi
1429 728 1565 757 sume.

224 788 247 826 5
284 780 542 838 Apriculum
573 782 736 839 piscem
765 782 873 826 scito
904 783 1087 840 prinlum
1118 797 1218 826 esse
1244 781 1431 826 Tarenti.

283 847 481 893 Surrenti
509 850 604 893 sace
632 864 751 894 emas
778 850 1002 909 helopem,
1043 850 1248 910 glaucum
1279 864 1386 908 cape
1416 848 1577 894 Cumis.

193 982 517 1013 HEDVPHAGETICA
566 982 757 1024 Appuleius
778 984 819 1014 (le
837 984 949 1025 magia
969 994 996 1015 c.
1015 983 1058 1016 39
1076 993 1110 1025 p.
1124 983 1191 1015 484
1210 982 1294 1014 Oud.
1325 981 1379 1019 ‘Q.
1403 982 1529 1013 Ennius
1550 982 1627 1013 He-

148 1028 458 1069 dyphagetiea'
488 1027 855 1070 (hediphagetica
870 1030 1054 1061 Fux.Pith.
1074 1029 1234 1061 necteus
1254 1029 1483 1070 pliagitica
1500 1028 1587 1059 Flor.
1609 1039 1626 1059 o

147 1073 482 1116 liediphagitica
507 1074 594 1105 Flor.
617 1085 646 1105 a.
676 1075 1014 1117 edesphagitica
1036 1076 1131 1106 Fulu.
1164 1075 1311 1116 Hedyp
1326 1074 1520 1105 athetica
1546 1074 1627 1106 Sca-

147 1119 233 1161 liger
254 1120 358 1151 Catal.
380 1130 413 1162 p.
437 1118 523 1160 215)
560 1122 663 1161 ‘quae
695 1122 848 1152 uersibus
874 1122 1009 1163 scripsit
1039 1121 1301 1153 innumerabilia
1326 1121 1470 1162 piscium
1502 1130 1627 1162 genera

148 1172 339 1204 enumerat,
367 1176 452 1206 quae
478 1166 607 1197 scilicet
636 1167 766 1199 curiose
790 1174 960 1209 cognorat.
1005 1168 1133 1199 Paucos
1158 1178 1277 1198 uersus
1306 1167 1463 1204 memini,
1491 1176 1547 1197 eos
1575 1166 1626 1197 di-

148 1221 239 1242 cam:
264 1212 436 1243 omnibus’
459 1222 487 1243 e.
511 1223 542 1252 q.
565 1223 591 1243 s.
627 1213 733 1243 ‘alios
757 1214 856 1244 etiam
885 1214 997 1245 multis
1025 1214 1180 1245 uersibus
1204 1213 1393 1250 decorauit,
1420 1218 1450 1243 et
1471 1212 1526 1243 ubi
1545 1222 1627 1254 gen-

146 1258 230 1289 tium
252 1259 394 1298 quisque
416 1268 547 1295 eorum,
574 1258 761 1298 qualiter
782 1269 905 1291 assus
932 1265 1002 1291 aut
1029 1260 1319 1291 iussulentus'
1353 1258 1626 1300 (iusulentus

207 1375 226 1407 1
264 1373 435 1407 omnibus
472 1377 510 1406 ut
539 1371 680 1419 Clypea
712 1373 806 1407 libri.
842 1374 1013 1409 omnibus
1055 1379 1089 1409 at
1122 1374 1282 1420 Clupeae
1316 1373 1505 1408 Turnebus
1531 1374 1626 1408 Aclu.

148 1426 251 1462 XXI
283 1431 349 1470 21,
389 1428 554 1474 Scaliger
666 1433 687 1465 2
726 1429 820 1464 Aeni
852 1431 997 1475 spissa]
1036 1430 1131 1465 Aeni
1162 1441 1297 1475 aspera
1325 1429 1417 1464 libri.
1450 1430 1542 1464 Aeni
1573 1434 1630 1464 ast

149 1494 260 1528 aspra
292 1483 498 1528 Turnebus,
534 1483 720 1530 Sculiyer,
753 1485 999 1522 Cusuubonus.
1039 1486 1178 1530 Aenid;
1209 1497 1319 1531 aspra
1350 1485 1553 1520 Salmasius
1581 1486 1632 1520 cul

150 1538 261 1574 Solin.
289 1550 330 1584 p.
361 1542 429 1577 794
544 1546 692 1575 austrea
723 1540 798 1575 uidi
827 1542 983 1577 Doruill.
1099 1546 1121 1579 3
1153 1546 1207 1577 est
1242 1546 1372 1587 pecten
1404 1542 1628 1588 Mitylenae]

148 1595 346 1640 mitylenae
378 1600 509 1641 pecten
534 1596 639 1630 Flor.
662 1608 698 1630 u.
728 1597 932 1643 Mithylena
957 1603 1012 1632 est
1042 1603 1175 1643 pecten
1204 1598 1299 1633 Pitk.
1326 1600 1394 1641 (ul
1412 1598 1512 1640 uid.)
1548 1608 1629 1632 mus

149 1651 336 1685 Mitileuae
368 1657 424 1686 est
451 1656 584 1697 pecten
614 1653 717 1687 Flor.
749 1663 769 1687 e
794 1654 876 1688 erlcl.
906 1658 988 1688 unle
1021 1654 1174 1690 Casuub,
1205 1666 1286 1689 mus
1319 1654 1545 1700 Mithylenae
1575 1658 1632 1687 est

148 1710 275 1751 petere
301 1708 358 1748 (ul
375 1708 469 1750 uicl.)
491 1708 645 1743 Doruill.
668 1709 869 1754 Mitylenae
893 1714 948 1744 est
972 1715 1105 1755 pecten
1128 1710 1376 1746 Cusaubonus.
1404 1710 1553 1755 mitylus
1575 1714 1631 1744 est

149 1767 281 1807 pecten
303 1762 470 1810 Sculigler
587 1769 621 1798 et
643 1764 743 1808 apud
767 1764 1009 1808 Charadram]
1033 1766 1228 1801 caradrum
1253 1765 1353 1811 apud
1377 1766 1512 1800 Flor.a
1533 1765 1629 1800 Pieli.

150 1818 410 1864 caradriuique
443 1819 543 1865 apud
571 1820 674 1854 Flor.
698 1830 728 1854 c.
759 1821 1026 1866 carasliumque
1058 1821 1157 1868 apud
1179 1822 1334 1858 Doruill.
1359 1821 1630 1866 caradrumque

149 1875 227 1916 (uel
246 1876 360 1919 quae)
385 1875 486 1921 apud
509 1876 617 1910 Fulu.
640 1876 720 1912 eclcl.
747 1880 830 1910 unte
852 1876 1005 1912 Cusuub.
1030 1888 1193 1923 apesque
1219 1877 1318 1923 apud
1343 1877 1543 1912 Turnebus.
1571 1889 1631 1912 ca-

149 1940 311 1974 prosque
340 1931 440 1975 apud
463 1931 709 1967 Casuubonus.
743 1931 1024 1978 charadrusque
1055 1933 1153 1979 apud
1185 1933 1361 1980 Sculiyer.
1393 1933 1632 1967 cliaradrum-

151 1996 220 2029 que
248 1984 450 2021 Salmasius
566 1987 901 2032 Ambraciamque]
942 1989 1165 2023 Vmbraciae
1206 1989 1430 2031 (Vmbrae-ic
1459 1990 1518 2024 uel
1539 1989 1630 2022 Vm-

149 2040 265 2075 bratic.
288 2040 383 2076 Pilli.
408 2042 583 2080 Doruill.)
616 2041 700 2076 finis
732 2046 788 2085 (ut
814 2043 917 2079 Flor.
946 2055 968 2078 α
989 2046 1026 2091 c)
1063 2046 1140 2079 siue
1167 2044 1260 2079 fines
1281 2044 1364 2079 libri
1390 2049 1423 2078 el
1443 2045 1523 2080 ‘’sltl.
1550 2048 1633 2080 ante

151 2095 304 2131 Cusuub.
330 2097 619 2132 Ambracienses
643 2097 888 2133 Casuubonus.
914 2100 1136 2135 Ambraciae
1159 2111 1288 2135 amnes
1316 2100 1515 2143 Turnebus,
1539 2100 1627 2135 Sca-

149 2153 251 2197 liqer.
290 2153 501 2188 Ambraciai
533 2152 736 2188 Salmasius
857 2157 879 2191 4
910 2155 1109 2190 Brundusii
1136 2157 1302 2202 plerique
1331 2157 1422 2190 libri.
1457 2156 1630 2191 Brindisii

149 2208 251 2244 Flor.
281 2218 314 2242 e.
348 2208 526 2243 Brundini
564 2209 720 2244 Doruill.
759 2210 947 2245 Brundisii
985 2212 1044 2246 uel
1074 2212 1255 2246 Brentesii
1290 2212 1550 2247 Lachmunnus
1583 2212 1634 2246 ud

150 2264 257 2298 Lucr.
296 2264 328 2299 V
349 2268 438 2302 1006
468 2276 508 2309 p.
530 2267 612 2301 328.
650 2265 823 2300 Brundisi
853 2267 887 2301 Ι.
924 2267 963 2301 V.
990 2267 1204 2302 Frunelcius
1238 2268 1339 2313 apud
1371 2268 1628 2303 Suerdsioeum

159 2319 263 2354 Vinci.
285 2330 415 2364 praec.
442 2321 555 2354 Bentl.
584 2332 622 2365 p.
649 2324 706 2358 53.
741 2321 950 2357 Brundusio
981 2322 1224 2358 Suerdsioeus
1254 2325 1343 2369 ipse.
1378 2323 1542 2358 Brentesi
1574 2325 1632 2359 uel

150 2374 331 2410 Brundusi
364 2375 434 2410 Pla.
475 2376 681 2422 chqnerus
705 2378 743 2411 in
779 2377 886 2424 Very.
922 2378 1014 2413 Aen.
1037 2378 1102 2414 IX
1121 2384 1182 2416 151
1301 2381 1464 2425 sai-gast]
1494 2391 1628 2425 sargus

149 2431 268 2465 bonus
290 2436 345 2466 est
370 2432 462 2475 libri,
484 2433 557 2467 nisi
575 2432 672 2478 quod
687 2437 741 2467 est
763 2444 831 2468 om.
853 2433 949 2468 Pilli.
1064 2437 1087 2471 4
1108 2445 1162 2480 sq.
1195 2435 1294 2470 hunc
1318 2446 1476 2481 magnus
1500 2436 1528 2470 si
1564 2437 1631 2470 erit

151 2497 257 2521 sume
281 2488 486 2532 apriculum
509 2487 601 2522 libri.
623 2487 721 2524 hunc
751 2500 908 2535 magnus
932 2490 1000 2524 erit
1022 2490 1051 2524 si
1076 2490 1200 2525 Sume.
1225 2491 1404 2535 apriclum
1431 2491 1629 2533 Turnebus,

151 2540 337 2589 Sculiyer‚
367 2543 602 2579 Cusuubonus
717 2549 737 2582 ὃ
768 2546 892 2590 pisces
917 2545 1073 2581 Doruill.
1189 2544 1295 2592 scito]
1324 2550 1425 2579 secto
1456 2547 1515 2580 uel
1542 2557 1629 2581 seco

150 2596 253 2633 I'ith.
369 2602 391 2636 6
426 2598 590 2634 Surrenti
622 2601 791 2646 aelopem
826 2602 884 2637 sac
913 2611 1015 2635 emas
1044 2601 1221 2636 Glaucum
1247 2601 1347 2647 apud
1377 2600 1509 2636 Cumas
1541 2601 1630 2647 quid

151 2652 255 2687 Flor.
274 2663 305 2688 c.
329 2654 495 2690 Surrenti
518 2656 664 2701 telopen
688 2657 743 2690 sae
766 2667 867 2691 emas
891 2658 1063 2703 glaucum
1086 2657 1186 2703 apud
1205 2656 1338 2692 Cumas
1361 2656 1448 2702 quid
1469 2657 1570 2691 Flor.
1592 2669 1627 2691 α.

152 2711 335 2744 surrentia
357 2711 489 2755 elepen
514 2711 569 2746 sac
593 2722 694 2746 emas
717 2712 817 2757 apud
841 2711 975 2747 Cumas
997 2713 1084 2758 quid
1107 2713 1204 2747 Pith.
1237 2712 1465 2747 Surrentium
1495 2714 1627 2758 elopen

152 2763 323 2799 fucernas
351 2766 521 2800 claucum
545 2766 644 2811 apud
667 2766 801 2802 Cumas
834 2767 921 2813 quid
941 2768 1099 2803 Doruill.
1125 2767 1288 2803 Surrenti
1321 2768 1377 2803 sac
1399 2778 1500 2802 emas
1524 2769 1627 2813 glau-
