<?xml version="1.0" encoding="UTF-8"?>
<!DOCTYPE html PUBLIC "-//W3C//DTD XHTML 1.0 Transitional//EN"
    "http://www.w3.org/TR/xhtml1/DTD/xhtml1-transitional.dtd">
<html xmlns="http://www.w3.org/1999/xhtml" xml:lang="en" lang="en">
 <head>
  <title>
</title>
<meta http-equiv="Content-Type" content="text/html;charset=utf-8" />
  <meta name='ocr-system' content='tesseract 3.04.00' />
  <meta name='ocr-capabilities' content='ocr_page ocr_carea ocr_par ocr_line ocrx_word'/>
</head>
<body>
  <div class='ocr_page' id='page_1' title='image "./poesisreliquiae00enniuoft_0058.png"; bbox 0 0 1762 3057; ppageno 0'>
   <div class='ocr_carea' id='block_1_1' title="bbox 244 198 1188 241">
    <p class='ocr_par' dir='ltr' id='par_1_1' title="bbox 244 198 1188 241">
     <span class='ocr_line' id='line_1_1' title="bbox 244 198 1188 241; baseline 0 -9"><span class='ocrx_word' id='word_1_1' title='bbox 244 203 272 232; x_wconf 86' lang='lat' dir='ltr'>L</span> <span class='ocrx_word' id='word_1_2' title='bbox 780 198 1188 241; x_wconf 53' lang='lat' dir='ltr'>⁴›xwxlzs&#39;rloNEs</span> 
     </span>
    </p>
   </div>
   <div class='ocr_carea' id='block_1_2' title="bbox 206 308 1718 2812">
    <p class='ocr_par' dir='ltr' id='par_1_2' title="bbox 206 308 1718 2812">
     <span class='ocr_line' id='line_1_2' title="bbox 244 308 1717 355; baseline 0.002 -12"><span class='ocrx_word' id='word_1_3' title='bbox 244 308 311 343; x_wconf 77' lang='lat' dir='ltr'>hoc</span> <span class='ocrx_word' id='word_1_4' title='bbox 340 312 393 343; x_wconf 80' lang='lat' dir='ltr'>esc</span> <span class='ocrx_word' id='word_1_5' title='bbox 421 318 480 343; x_wconf 74' lang='lat' dir='ltr'>eos</span> <span class='ocrx_word' id='word_1_6' title='bbox 509 310 573 354; x_wconf 73' lang='lat' dir='ltr'>qui</span> <span class='ocrx_word' id='word_1_7' title='bbox 600 310 635 343; x_wconf 73' lang='lat' dir='ltr'>in</span> <span class='ocrx_word' id='word_1_8' title='bbox 670 308 760 343; x_wconf 76' lang='lat' dir='ltr'>urbe</span> <span class='ocrx_word' id='word_1_9' title='bbox 790 318 935 354; x_wconf 77' lang='lat' dir='ltr'><em>semper</em></span> <span class='ocrx_word' id='word_1_10' title='bbox 968 308 1208 355; x_wconf 69' lang='lat' dir='ltr'>sufficiendae</span> <span class='ocrx_word' id='word_1_11' title='bbox 1240 310 1358 355; x_wconf 77' lang='lat' dir='ltr'>prolis</span> <span class='ocrx_word' id='word_1_12' title='bbox 1388 321 1503 346; x_wconf 79' lang='lat' dir='ltr'>causa</span> <span class='ocrx_word' id='word_1_13' title='bbox 1534 312 1717 347; x_wconf 72' lang='lat' dir='ltr'>vacabam</span> 
     </span>
     <span class='ocr_line' id='line_1_3' title="bbox 242 374 1714 424; baseline 0.001 -11"><span class='ocrx_word' id='word_1_14' title='bbox 242 380 386 413; x_wconf 76' lang='lat' dir='ltr'>militiae</span> <span class='ocrx_word' id='word_1_15' title='bbox 421 379 618 413; x_wconf 77' lang='lat' dir='ltr'>ascribere.</span> <span class='ocrx_word' id='word_1_16' title='bbox 682 374 773 413; x_wconf 87' lang='lat' dir='ltr'>Cum</span> <span class='ocrx_word' id='word_1_17' title='bbox 813 376 953 412; x_wconf 81' lang='lat' dir='ltr'>Orosio</span> <span class='ocrx_word' id='word_1_18' title='bbox 996 376 1174 413; x_wconf 90' lang='lat' dir='ltr'>conuenit</span> <span class='ocrx_word' id='word_1_19' title='bbox 1212 375 1414 424; x_wconf 79' lang='lat' dir='ltr'><strong>Augustini</strong></span> <span class='ocrx_word' id='word_1_20' title='bbox 1453 377 1499 415; x_wconf 88' lang='lat' dir='ltr'>dc</span> <span class='ocrx_word' id='word_1_21' title='bbox 1542 379 1614 418; x_wconf 89' lang='lat' dir='ltr'>ciu.</span> <span class='ocrx_word' id='word_1_22' title='bbox 1654 378 1714 416; x_wconf 88' lang='lat' dir='ltr'>dei</span> 
     </span>
     <span class='ocr_line' id='line_1_4' title="bbox 242 444 1713 498; baseline 0.003 -16"><span class='ocrx_word' id='word_1_23' title='bbox 242 444 294 482; x_wconf 91' lang='lat' dir='ltr'>Ill</span> <span class='ocrx_word' id='word_1_24' title='bbox 328 446 376 483; x_wconf 80' lang='lat'>17</span> <span class='ocrx_word' id='word_1_25' title='bbox 408 447 596 494; x_wconf 88' lang='lat' dir='ltr'>narratio,</span> <span class='ocrx_word' id='word_1_26' title='bbox 627 447 689 496; x_wconf 87' lang='lat' dir='ltr'>qui</span> <span class='ocrx_word' id='word_1_27' title='bbox 722 446 783 483; x_wconf 88' lang='lat' dir='ltr'>ubi</span> <span class='ocrx_word' id='word_1_28' title='bbox 816 458 878 483; x_wconf 85' lang='lat' dir='ltr'>res</span> <span class='ocrx_word' id='word_1_29' title='bbox 912 457 1009 496; x_wconf 84' lang='lat' dir='ltr'>quae</span> <span class='ocrx_word' id='word_1_30' title='bbox 1038 445 1144 483; x_wconf 89' lang='lat' dir='ltr'>bello</span> <span class='ocrx_word' id='word_1_31' title='bbox 1169 445 1375 483; x_wconf 86' lang='lat' dir='ltr'>Tarentino</span> <span class='ocrx_word' id='word_1_32' title='bbox 1408 448 1581 498; x_wconf 81' lang='lat' dir='ltr'>proxime</span> <span class='ocrx_word' id='word_1_33' title='bbox 1611 454 1713 486; x_wconf 84' lang='lat' dir='ltr'>ante—</span> 
     </span>
     <span class='ocr_line' id='line_1_5' title="bbox 243 515 1715 568; baseline 0.003 -15"><span class='ocrx_word' id='word_1_34' title='bbox 243 515 432 554; x_wconf 74' lang='lat' dir='ltr'>cedebant</span> <span class='ocrx_word' id='word_1_35' title='bbox 479 517 723 567; x_wconf 83' lang='lat' dir='ltr'>perstrinxit,</span> <span class='ocrx_word' id='word_1_36' title='bbox 772 524 847 555; x_wconf 72' lang='lat' dir='ltr'>tum</span> <span class='ocrx_word' id='word_1_37' title='bbox 889 530 978 555; x_wconf 80' lang='lat' dir='ltr'>uero</span> <span class='ocrx_word' id='word_1_38' title='bbox 1013 516 1144 566; x_wconf 86' lang='lat' dir='ltr'>inquit</span> <span class='ocrx_word' id='word_1_39' title='bbox 1189 523 1260 553; x_wconf 76' lang='lat' dir='ltr'>lam</span> <span class='ocrx_word' id='word_1_40' title='bbox 1305 520 1417 554; x_wconf 79' lang='lat' dir='ltr'>mulla</span> <span class='ocrx_word' id='word_1_41' title='bbox 1457 520 1548 556; x_wconf 79' lang='lat' dir='ltr'>bella</span> <span class='ocrx_word' id='word_1_42' title='bbox 1586 522 1715 568; x_wconf 71' lang='lat' dir='ltr'>ubique</span> 
     </span>
     <span class='ocr_line' id='line_1_6' title="bbox 242 589 1718 637; baseline 0.003 -15"><span class='ocrx_word' id='word_1_43' title='bbox 242 589 505 629; x_wconf 66' lang='lat' dir='ltr'>crebruerunt,</span> <span class='ocrx_word' id='word_1_44' title='bbox 546 593 586 623; x_wconf 79' lang='lat' dir='ltr'>ul</span> <span class='ocrx_word' id='word_1_45' title='bbox 623 591 746 635; x_wconf 72' lang='lat' dir='ltr'>inopia</span> <span class='ocrx_word' id='word_1_46' title='bbox 782 592 929 626; x_wconf 74' lang='lat' dir='ltr'>militum</span> <span class='ocrx_word' id='word_1_47' title='bbox 963 590 1161 636; x_wconf 74' lang='lat' dir='ltr'>prolelarii</span> <span class='ocrx_word' id='word_1_48' title='bbox 1197 589 1266 632; x_wconf 67' lang='lat' dir='ltr'>illi,</span> <span class='ocrx_word' id='word_1_49' title='bbox 1316 591 1379 635; x_wconf 73' lang='lat' dir='ltr'>qui</span> <span class='ocrx_word' id='word_1_50' title='bbox 1414 600 1453 625; x_wconf 81' lang='lat' dir='ltr'>eo</span> <span class='ocrx_word' id='word_1_51' title='bbox 1491 591 1590 636; x_wconf 74' lang='lat' dir='ltr'>quod</span> <span class='ocrx_word' id='word_1_52' title='bbox 1616 593 1718 637; x_wconf 81' lang='lat' dir='ltr'>proli</span> 
     </span>
     <span class='ocr_line' id='line_1_7' title="bbox 238 659 1714 707; baseline 0.003 -15"><span class='ocrx_word' id='word_1_53' title='bbox 238 659 440 704; x_wconf 52' lang='lat' dir='ltr'>(sumendae</span> <span class='ocrx_word' id='word_1_54' title='bbox 478 660 658 695; x_wconf 70' lang='lat' dir='ltr'>meabant</span> <span class='ocrx_word' id='word_1_55' title='bbox 698 661 739 695; x_wconf 76' lang='lat' dir='ltr'>ab</span> <span class='ocrx_word' id='word_1_56' title='bbox 767 664 956 707; x_wconf 66' lang='lat' dir='ltr'>eyeslatem</span> <span class='ocrx_word' id='word_1_57' title='bbox 985 661 1138 695; x_wconf 69' lang='lat' dir='ltr'>militare</span> <span class='ocrx_word' id='word_1_58' title='bbox 1177 670 1247 694; x_wconf 77' lang='lat' dir='ltr'>mm</span> <span class='ocrx_word' id='word_1_59' title='bbox 1288 661 1452 695; x_wconf 67' lang='lat' dir='ltr'>valenles</span> <span class='ocrx_word' id='word_1_60' title='bbox 1487 660 1556 695; x_wconf 77' lang='lat' dir='ltr'>hoc</span> <span class='ocrx_word' id='word_1_61' title='bbox 1585 672 1714 696; x_wconf 74' lang='lat' dir='ltr'>nomen</span> 
     </span>
     <span class='ocr_line' id='line_1_8' title="bbox 241 730 1716 774; baseline 0.003 -12"><span class='ocrx_word' id='word_1_62' title='bbox 241 735 481 774; x_wconf 67' lang='lat' dir='ltr'>m‘eepersml,</span> <span class='ocrx_word' id='word_1_63' title='bbox 532 731 678 765; x_wconf 75' lang='lat' dir='ltr'>militiae</span> <span class='ocrx_word' id='word_1_64' title='bbox 722 731 1058 765; x_wconf 56' lang='lat' dir='ltr'>consenum-emm·.·</span> <span class='ocrx_word' id='word_1_65' title='bbox 1111 730 1250 763; x_wconf 74' lang='lat' dir='ltr'>aeeilus</span> <span class='ocrx_word' id='word_1_66' title='bbox 1293 730 1397 763; x_wconf 73' lang='lat' dir='ltr'>eliam</span> <span class='ocrx_word' id='word_1_67' title='bbox 1441 741 1463 764; x_wconf 85' lang='grc' dir='ltr'><em>α</em></span> <span class='ocrx_word' id='word_1_68' title='bbox 1510 730 1716 766; x_wconf 74' lang='lat' dir='ltr'>Tarentinis</span> 
     </span>
     <span class='ocr_line' id='line_1_9' title="bbox 245 799 1715 846; baseline 0.001 -13"><span class='ocrx_word' id='word_1_69' title='bbox 245 799 414 845; x_wconf 67' lang='lat' dir='ltr'>Pyrrhus</span> <span class='ocrx_word' id='word_1_70' title='bbox 456 810 526 835; x_wconf 66' lang='lat' dir='ltr'>rece</span> <span class='ocrx_word' id='word_1_71' title='bbox 569 802 748 836; x_wconf 77' lang='lat' dir='ltr'>Graeciae</span> <span class='ocrx_word' id='word_1_72' title='bbox 787 805 870 835; x_wconf 77' lang='lat' dir='ltr'>lum·</span> <span class='ocrx_word' id='word_1_73' title='bbox 905 802 1041 846; x_wconf 70' lang='lat' dir='ltr'>iuyemi</span> <span class='ocrx_word' id='word_1_74' title='bbox 1073 801 1191 846; x_wconf 64' lang='lat' dir='ltr'>(floria</span> <span class='ocrx_word' id='word_1_75' title='bbox 1233 799 1434 834; x_wconf 69' lang='lat' dir='ltr'>celebratus</span> <span class='ocrx_word' id='word_1_76' title='bbox 1463 799 1715 836; x_wconf 71' lang='lat' dir='ltr'>Romanorum</span> 
     </span>
     <span class='ocr_line' id='line_1_10' title="bbox 241 866 1713 917; baseline 0.002 -14"><span class='ocrx_word' id='word_1_77' title='bbox 241 870 351 904; x_wconf 72' lang='lat' dir='ltr'>hostis</span> <span class='ocrx_word' id='word_1_78' title='bbox 387 872 539 917; x_wconf 75' lang='lat' dir='ltr'>effeetus</span> <span class='ocrx_word' id='word_1_79' title='bbox 577 875 640 905; x_wconf 75' lang='lat' dir='ltr'>est.</span> <span class='ocrx_word' id='word_1_80' title='bbox 702 866 785 905; x_wconf 91' lang='lat' dir='ltr'>Nec</span> <span class='ocrx_word' id='word_1_81' title='bbox 826 874 971 916; x_wconf 88' lang='lat' dir='ltr'>tamen,</span> <span class='ocrx_word' id='word_1_82' title='bbox 1015 880 1098 905; x_wconf 90' lang='lat' dir='ltr'>cum</span> <span class='ocrx_word' id='word_1_83' title='bbox 1131 866 1291 904; x_wconf 79' lang='lat' dir='ltr'>Orosius</span> <span class='ocrx_word' id='word_1_84' title='bbox 1322 878 1389 903; x_wconf 89' lang='lat' dir='ltr'>sua</span> <span class='ocrx_word' id='word_1_85' title='bbox 1421 866 1466 903; x_wconf 87' lang='lat' dir='ltr'>ab</span> <span class='ocrx_word' id='word_1_86' title='bbox 1497 867 1713 917; x_wconf 80' lang='lat' dir='ltr'>Augustino</span> 
     </span>
     <span class='ocr_line' id='line_1_11' title="bbox 241 935 1713 987; baseline 0.003 -14"><span class='ocrx_word' id='word_1_87' title='bbox 241 943 430 975; x_wconf 83' lang='lat' dir='ltr'>mutuatus</span> <span class='ocrx_word' id='word_1_88' title='bbox 457 938 652 987; x_wconf 84' lang='lat' dir='ltr'>uideatur,</span> <span class='ocrx_word' id='word_1_89' title='bbox 685 938 839 975; x_wconf 87' lang='lat' dir='ltr'>multum</span> <span class='ocrx_word' id='word_1_90' title='bbox 872 939 906 975; x_wconf 92' lang='lat' dir='ltr'>ei</span> <span class='ocrx_word' id='word_1_91' title='bbox 938 938 1142 975; x_wconf 87' lang='lat' dir='ltr'>consensui</span> <span class='ocrx_word' id='word_1_92' title='bbox 1169 936 1316 974; x_wconf 86' lang='lat' dir='ltr'>tribuo:</span> <span class='ocrx_word' id='word_1_93' title='bbox 1354 935 1589 986; x_wconf 81' lang='lat' dir='ltr'>Augustinus</span> <span class='ocrx_word' id='word_1_94' title='bbox 1620 951 1713 977; x_wconf 88' lang='lat' dir='ltr'>uero</span> 
     </span>
     <span class='ocr_line' id='line_1_12' title="bbox 240 1006 1713 1059; baseline 0.002 -16"><span class='ocrx_word' id='word_1_95' title='bbox 240 1006 324 1044; x_wconf 89' lang='lat' dir='ltr'>fere</span> <span class='ocrx_word' id='word_1_96' title='bbox 363 1019 437 1044; x_wconf 88' lang='lat' dir='ltr'>non</span> <span class='ocrx_word' id='word_1_97' title='bbox 471 1009 601 1046; x_wconf 86' lang='lat' dir='ltr'>dubito</span> <span class='ocrx_word' id='word_1_98' title='bbox 644 1010 730 1059; x_wconf 89' lang='lat' dir='ltr'>quin</span> <span class='ocrx_word' id='word_1_99' title='bbox 773 1008 807 1044; x_wconf 92' lang='lat' dir='ltr'>in</span> <span class='ocrx_word' id='word_1_100' title='bbox 844 1019 888 1045; x_wconf 86' lang='lat' dir='ltr'>ea</span> <span class='ocrx_word' id='word_1_101' title='bbox 929 1020 970 1045; x_wconf 91' lang='lat' dir='ltr'>re</span> <span class='ocrx_word' id='word_1_102' title='bbox 1002 1006 1268 1045; x_wconf 86' lang='lat' dir='ltr'>auctoritatem</span> <span class='ocrx_word' id='word_1_103' title='bbox 1302 1006 1395 1044; x_wconf 90' lang='lat' dir='ltr'>Liuii</span> <span class='ocrx_word' id='word_1_104' title='bbox 1425 1013 1626 1057; x_wconf 85' lang='lat' dir='ltr'>sequatur:</span> <span class='ocrx_word' id='word_1_105' title='bbox 1667 1008 1713 1046; x_wconf 86' lang='lat' dir='ltr'>ad</span> 
     </span>
     <span class='ocr_line' id='line_1_13' title="bbox 241 1075 1713 1129; baseline 0.001 -16"><span class='ocrx_word' id='word_1_106' title='bbox 241 1088 353 1125; x_wconf 86' lang='lat' dir='ltr'>quem</span> <span class='ocrx_word' id='word_1_107' title='bbox 384 1089 558 1126; x_wconf 83' lang='lat' dir='ltr'>magnam</span> <span class='ocrx_word' id='word_1_108' title='bbox 590 1084 738 1129; x_wconf 85' lang='lat' dir='ltr'>partem</span> <span class='ocrx_word' id='word_1_109' title='bbox 766 1089 898 1115; x_wconf 87' lang='lat' dir='ltr'>eorum</span> <span class='ocrx_word' id='word_1_110' title='bbox 939 1089 1037 1129; x_wconf 85' lang='lat' dir='ltr'>quac</span> <span class='ocrx_word' id='word_1_111' title='bbox 1071 1077 1121 1115; x_wconf 94' lang='lat' dir='ltr'>ibi</span> <span class='ocrx_word' id='word_1_112' title='bbox 1154 1082 1280 1114; x_wconf 84' lang='lat' dir='ltr'>narrat</span> <span class='ocrx_word' id='word_1_113' title='bbox 1316 1075 1551 1125; x_wconf 82' lang='lat' dir='ltr'>Augustinus</span> <span class='ocrx_word' id='word_1_114' title='bbox 1586 1077 1713 1116; x_wconf 86' lang='lat' dir='ltr'>redire</span> 
     </span>
     <span class='ocr_line' id='line_1_14' title="bbox 241 1145 1712 1198; baseline 0.003 -15"><span class='ocrx_word' id='word_1_115' title='bbox 241 1158 262 1183; x_wconf 90' lang='lat' dir='ltr'>e</span> <span class='ocrx_word' id='word_1_116' title='bbox 303 1146 397 1184; x_wconf 90' lang='lat' dir='ltr'>Liuii</span> <span class='ocrx_word' id='word_1_117' title='bbox 442 1146 496 1185; x_wconf 92' lang='lat' dir='ltr'>XI</span> <span class='ocrx_word' id='word_1_118' title='bbox 532 1153 569 1185; x_wconf 90' lang='lat' dir='ltr'>et</span> <span class='ocrx_word' id='word_1_119' title='bbox 599 1146 671 1185; x_wconf 94' lang='lat' dir='ltr'>XII</span> <span class='ocrx_word' id='word_1_120' title='bbox 707 1147 902 1198; x_wconf 76' lang='lat' dir='ltr'>pei-Iochis</span> <span class='ocrx_word' id='word_1_121' title='bbox 939 1148 1157 1198; x_wconf 85' lang='lat' dir='ltr'>conligitur.</span> <span class='ocrx_word' id='word_1_122' title='bbox 1225 1145 1346 1192; x_wconf 84' lang='lat' dir='ltr'>Quam</span> <span class='ocrx_word' id='word_1_123' title='bbox 1387 1146 1435 1184; x_wconf 90' lang='lat' dir='ltr'>ob</span> <span class='ocrx_word' id='word_1_124' title='bbox 1468 1159 1547 1185; x_wconf 83' lang='lat' dir='ltr'>rem</span> <span class='ocrx_word' id='word_1_125' title='bbox 1579 1148 1609 1184; x_wconf 90' lang='lat' dir='ltr'>si</span> <span class='ocrx_word' id='word_1_126' title='bbox 1640 1147 1712 1185; x_wconf 88' lang='lat' dir='ltr'>alia</span> 
     </span>
     <span class='ocr_line' id='line_1_15' title="bbox 240 1216 1712 1266; baseline 0.001 -12"><span class='ocrx_word' id='word_1_127' title='bbox 240 1228 316 1254; x_wconf 91' lang='lat' dir='ltr'>non</span> <span class='ocrx_word' id='word_1_128' title='bbox 361 1218 616 1264; x_wconf 75' lang='lat' dir='ltr'>accederent,</span> <span class='ocrx_word' id='word_1_129' title='bbox 667 1217 865 1255; x_wconf 82' lang='lat' dir='ltr'>sufficeret</span> <span class='ocrx_word' id='word_1_130' title='bbox 913 1217 1010 1254; x_wconf 90' lang='lat' dir='ltr'>haec</span> <span class='ocrx_word' id='word_1_131' title='bbox 1057 1216 1260 1265; x_wconf 88' lang='lat' dir='ltr'>Augustini</span> <span class='ocrx_word' id='word_1_132' title='bbox 1305 1217 1509 1266; x_wconf 87' lang='lat' dir='ltr'>memoria,</span> <span class='ocrx_word' id='word_1_133' title='bbox 1559 1223 1598 1254; x_wconf 92' lang='lat' dir='ltr'>ut</span> <span class='ocrx_word' id='word_1_134' title='bbox 1644 1229 1712 1255; x_wconf 90' lang='lat' dir='ltr'>eos</span> 
     </span>
     <span class='ocr_line' id='line_1_16' title="bbox 241 1286 1712 1338; baseline 0.002 -15"><span class='ocrx_word' id='word_1_135' title='bbox 241 1286 377 1336; x_wconf 87' lang='lat' dir='ltr'>quibus</span> <span class='ocrx_word' id='word_1_136' title='bbox 417 1287 650 1337; x_wconf 80' lang='lat' dir='ltr'>proletarios</span> <span class='ocrx_word' id='word_1_137' title='bbox 683 1288 718 1325; x_wconf 91' lang='lat' dir='ltr'>in</span> <span class='ocrx_word' id='word_1_138' title='bbox 749 1288 980 1338; x_wconf 80' lang='lat' dir='ltr'>praesidium</span> <span class='ocrx_word' id='word_1_139' title='bbox 1016 1286 1121 1325; x_wconf 90' lang='lat' dir='ltr'>urbis</span> <span class='ocrx_word' id='word_1_140' title='bbox 1160 1294 1325 1325; x_wconf 84' lang='lat' dir='ltr'>armatos</span> <span class='ocrx_word' id='word_1_141' title='bbox 1364 1294 1538 1326; x_wconf 82' lang='lat' dir='ltr'>narratur</span> <span class='ocrx_word' id='word_1_142' title='bbox 1575 1300 1712 1326; x_wconf 87' lang='lat' dir='ltr'>uersus</span> 
     </span>
     <span class='ocr_line' id='line_1_17' title="bbox 240 1353 1711 1409; baseline 0.003 -17"><span class='ocrx_word' id='word_1_143' title='bbox 240 1353 433 1393; x_wconf 86' lang='lat' dir='ltr'>Ennianos</span> <span class='ocrx_word' id='word_1_144' title='bbox 461 1356 554 1408; x_wconf 91' lang='lat' dir='ltr'>(IX)</span> <span class='ocrx_word' id='word_1_145' title='bbox 586 1358 621 1394; x_wconf 90' lang='lat' dir='ltr'>in</span> <span class='ocrx_word' id='word_1_146' title='bbox 650 1358 724 1396; x_wconf 91' lang='lat' dir='ltr'>hoc</span> <span class='ocrx_word' id='word_1_147' title='bbox 757 1359 845 1396; x_wconf 89' lang='lat' dir='ltr'>loco</span> <span class='ocrx_word' id='word_1_148' title='bbox 877 1369 1174 1409; x_wconf 85' lang='lat' dir='ltr'>reponeremus,</span> <span class='ocrx_word' id='word_1_149' title='bbox 1207 1370 1282 1409; x_wconf 87' lang='lat' dir='ltr'>quo</span> <span class='ocrx_word' id='word_1_150' title='bbox 1315 1370 1383 1396; x_wconf 87' lang='lat' dir='ltr'>eos</span> <span class='ocrx_word' id='word_1_151' title='bbox 1414 1359 1611 1397; x_wconf 87' lang='lat' dir='ltr'>rettulisse</span> <span class='ocrx_word' id='word_1_152' title='bbox 1641 1360 1711 1397; x_wconf 89' lang='lat' dir='ltr'>iam</span> 
     </span>
     <span class='ocr_line' id='line_1_18' title="bbox 240 1424 1712 1479; baseline 0.003 -17"><span class='ocrx_word' id='word_1_153' title='bbox 240 1424 526 1464; x_wconf 87' lang='lat' dir='ltr'>Freinshemius</span> <span class='ocrx_word' id='word_1_154' title='bbox 557 1428 758 1479; x_wconf 87' lang='lat' dir='ltr'>Supplem.</span> <span class='ocrx_word' id='word_1_155' title='bbox 791 1428 870 1470; x_wconf 80' lang='lat' dir='ltr'>Liu,</span> <span class='ocrx_word' id='word_1_156' title='bbox 904 1429 937 1467; x_wconf 92' lang='lat' dir='ltr'>II</span> <span class='ocrx_word' id='word_1_157' title='bbox 968 1441 1002 1466; x_wconf 92' lang='lat' dir='ltr'>c.</span> <span class='ocrx_word' id='word_1_158' title='bbox 1034 1428 1085 1465; x_wconf 89' lang='grc'>22</span> <span class='ocrx_word' id='word_1_159' title='bbox 1119 1429 1279 1470; x_wconf 83' lang='lat' dir='ltr'>uidetur,</span> <span class='ocrx_word' id='word_1_160' title='bbox 1340 1429 1483 1467; x_wconf 88' lang='lat' dir='ltr'>Verum</span> <span class='ocrx_word' id='word_1_161' title='bbox 1522 1431 1712 1468; x_wconf 82' lang='lat' dir='ltr'>succurrit</span> 
     </span>
     <span class='ocr_line' id='line_1_19' title="bbox 240 1496 1711 1548; baseline 0.005 -16"><span class='ocrx_word' id='word_1_162' title='bbox 240 1496 390 1534; x_wconf 86' lang='lat' dir='ltr'>tertium</span> <span class='ocrx_word' id='word_1_163' title='bbox 427 1497 474 1534; x_wconf 87' lang='lat' dir='ltr'>de</span> <span class='ocrx_word' id='word_1_164' title='bbox 514 1498 734 1548; x_wconf 86' lang='lat' dir='ltr'>proletariis</span> <span class='ocrx_word' id='word_1_165' title='bbox 773 1500 819 1537; x_wconf 88' lang='lat' dir='ltr'>ad</span> <span class='ocrx_word' id='word_1_166' title='bbox 858 1499 1025 1537; x_wconf 89' lang='lat' dir='ltr'>militiam</span> <span class='ocrx_word' id='word_1_167' title='bbox 1056 1501 1206 1537; x_wconf 88' lang='lat' dir='ltr'>uocatis</span> <span class='ocrx_word' id='word_1_168' title='bbox 1238 1499 1361 1538; x_wconf 83' lang='lat' dir='ltr'>Cassii</span> <span class='ocrx_word' id='word_1_169' title='bbox 1392 1500 1574 1539; x_wconf 85' lang='lat' dir='ltr'>Heminae</span> <span class='ocrx_word' id='word_1_170' title='bbox 1604 1501 1711 1539; x_wconf 89' lang='lat' dir='ltr'>testi·</span> 
     </span>
     <span class='ocr_line' id='line_1_20' title="bbox 239 1566 1710 1621; baseline 0.005 -20"><span class='ocrx_word' id='word_1_171' title='bbox 239 1566 403 1603; x_wconf 89' lang='lat' dir='ltr'>monium</span> <span class='ocrx_word' id='word_1_172' title='bbox 435 1568 535 1617; x_wconf 88' lang='lat' dir='ltr'>apud</span> <span class='ocrx_word' id='word_1_173' title='bbox 566 1567 727 1607; x_wconf 88' lang='lat' dir='ltr'>Nonium</span> <span class='ocrx_word' id='word_1_174' title='bbox 769 1582 804 1621; x_wconf 92' lang='lat' dir='ltr'>p.</span> <span class='ocrx_word' id='word_1_175' title='bbox 839 1571 914 1618; x_wconf 73' lang='lat'>(57,</span> <span class='ocrx_word' id='word_1_176' title='bbox 952 1568 1004 1606; x_wconf 86' lang='grc'>22</span> <span class='ocrx_word' id='word_1_177' title='bbox 1050 1572 1196 1608; x_wconf 75' lang='lat' dir='ltr'>Cassius</span> <span class='ocrx_word' id='word_1_178' title='bbox 1229 1574 1362 1608; x_wconf 70' lang='lat' dir='ltr'>Emina</span> <span class='ocrx_word' id='word_1_179' title='bbox 1391 1575 1520 1609; x_wconf 71' lang='lat' dir='ltr'>(cunali</span> <span class='ocrx_word' id='word_1_180' title='bbox 1557 1575 1616 1609; x_wconf 82' lang='lat' dir='ltr'>lib.</span> <span class='ocrx_word' id='word_1_181' title='bbox 1648 1573 1710 1609; x_wconf 88' lang='lat' dir='ltr'>II.-</span> 
     </span>
     <span class='ocr_line' id='line_1_21' title="bbox 238 1638 1710 1689; baseline 0.005 -17"><span class='ocrx_word' id='word_1_182' title='bbox 238 1643 322 1673; x_wconf 74' lang='lat' dir='ltr'>[eme</span> <span class='ocrx_word' id='word_1_183' title='bbox 341 1638 497 1675; x_wconf 72' lang='lat' dir='ltr'>Marcus</span> <span class='ocrx_word' id='word_1_184' title='bbox 519 1652 660 1687; x_wconf 73' lang='lat' dir='ltr'>praeeo</span> <span class='ocrx_word' id='word_1_185' title='bbox 682 1645 846 1689; x_wconf 75' lang='lat' dir='ltr'>primum</span> <span class='ocrx_word' id='word_1_186' title='bbox 862 1644 1083 1688; x_wconf 70' lang='lat' dir='ltr'>proletarios</span> <span class='ocrx_word' id='word_1_187' title='bbox 1108 1645 1275 1679; x_wconf 76' lang='lat' dir='ltr'>armam&#39;l.</span> <span class='ocrx_word' id='word_1_188' title='bbox 1326 1639 1558 1680; x_wconf 84' lang='lat' dir='ltr'>Insidentem</span> <span class='ocrx_word' id='word_1_189' title='bbox 1581 1641 1710 1680; x_wconf 83' lang='lat' dir='ltr'>uerbis</span> 
     </span>
     <span class='ocr_line' id='line_1_22' title="bbox 240 1705 1708 1758; baseline 0.005 -17"><span class='ocrx_word' id='word_1_190' title='bbox 240 1705 454 1743; x_wconf 87' lang='lat' dir='ltr'>labeculam</span> <span class='ocrx_word' id='word_1_191' title='bbox 497 1707 704 1747; x_wconf 88' lang='lat' dir='ltr'>infeliciter</span> <span class='ocrx_word' id='word_1_192' title='bbox 745 1712 890 1749; x_wconf 73' lang='lat' dir='ltr'>Marius</span> <span class='ocrx_word' id='word_1_193' title='bbox 921 1714 1086 1758; x_wconf 77' lang='lat' dir='ltr'>primum</span> <span class='ocrx_word' id='word_1_194' title='bbox 1126 1715 1252 1749; x_wconf 73' lang='lat' dir='ltr'>consul</span> <span class='ocrx_word' id='word_1_195' title='bbox 1283 1710 1521 1749; x_wconf 87' lang='lat' dir='ltr'>emendando</span> <span class='ocrx_word' id='word_1_196' title='bbox 1557 1711 1708 1749; x_wconf 86' lang='lat' dir='ltr'>Freins-</span> 
     </span>
     <span class='ocr_line' id='line_1_23' title="bbox 236 1774 1709 1831; baseline 0.004 -19"><span class='ocrx_word' id='word_1_197' title='bbox 236 1774 384 1812; x_wconf 87' lang='lat' dir='ltr'>hemius</span> <span class='ocrx_word' id='word_1_198' title='bbox 424 1776 469 1813; x_wconf 87' lang='lat' dir='ltr'>ad</span> <span class='ocrx_word' id='word_1_199' title='bbox 503 1776 607 1816; x_wconf 87' lang='lat' dir='ltr'>Flor.</span> <span class='ocrx_word' id='word_1_200' title='bbox 645 1779 697 1817; x_wconf 94' lang='lat' dir='ltr'>III</span> <span class='ocrx_word' id='word_1_201' title='bbox 739 1782 784 1829; x_wconf 88' lang='lat'>1,</span> <span class='ocrx_word' id='word_1_202' title='bbox 833 1780 880 1817; x_wconf 72' lang='lat'>13</span> <span class='ocrx_word' id='word_1_203' title='bbox 914 1781 1124 1831; x_wconf 87' lang='lat' dir='ltr'>temptauit.</span> <span class='ocrx_word' id='word_1_204' title='bbox 1184 1780 1371 1820; x_wconf 84' lang='lat' dir='ltr'>Maculam</span> <span class='ocrx_word' id='word_1_205' title='bbox 1414 1780 1594 1820; x_wconf 87' lang='lat' dir='ltr'>abstersit</span> <span class='ocrx_word' id='word_1_206' title='bbox 1633 1781 1709 1819; x_wconf 89' lang='lat' dir='ltr'>leni</span> 
     </span>
     <span class='ocr_line' id='line_1_24' title="bbox 236 1845 1710 1896; baseline 0.003 -14"><span class='ocrx_word' id='word_1_207' title='bbox 236 1857 345 1883; x_wconf 90' lang='lat' dir='ltr'>manu</span> <span class='ocrx_word' id='word_1_208' title='bbox 374 1845 523 1896; x_wconf 89' lang='lat' dir='ltr'>Lipsius</span> <span class='ocrx_word' id='word_1_209' title='bbox 551 1848 640 1889; x_wconf 90' lang='lat' dir='ltr'>Ant.</span> <span class='ocrx_word' id='word_1_210' title='bbox 672 1849 760 1889; x_wconf 86' lang='lat' dir='ltr'>lect.</span> <span class='ocrx_word' id='word_1_211' title='bbox 793 1850 844 1888; x_wconf 93' lang='lat' dir='ltr'>IV</span> <span class='ocrx_word' id='word_1_212' title='bbox 879 1852 940 1889; x_wconf 86' lang='lat'>17.</span> <span class='ocrx_word' id='word_1_213' title='bbox 972 1850 1006 1887; x_wconf 94' lang='lat' dir='ltr'><strong>V</strong></span> <span class='ocrx_word' id='word_1_214' title='bbox 1033 1850 1085 1888; x_wconf 92' lang='grc'>22</span> <span class='ocrx_word' id='word_1_215' title='bbox 1116 1851 1152 1887; x_wconf 91' lang='lat' dir='ltr'>in</span> <span class='ocrx_word' id='word_1_216' title='bbox 1192 1852 1291 1890; x_wconf 87' lang='lat' dir='ltr'>hunc</span> <span class='ocrx_word' id='word_1_217' title='bbox 1320 1852 1494 1890; x_wconf 88' lang='lat' dir='ltr'>modum:</span> <span class='ocrx_word' id='word_1_218' title='bbox 1543 1853 1710 1889; x_wconf 69' lang='lat' dir='ltr'>Marcius</span> 
     </span>
     <span class='ocr_line' id='line_1_25' title="bbox 233 1915 1707 1971; baseline 0.005 -21"><span class='ocrx_word' id='word_1_219' title='bbox 233 1923 406 1962; x_wconf 60' lang='lat' dir='ltr'>prswlor:</span> <span class='ocrx_word' id='word_1_220' title='bbox 438 1915 529 1955; x_wconf 88' lang='lat' dir='ltr'>illud</span> <span class='ocrx_word' id='word_1_221' title='bbox 554 1922 834 1969; x_wconf 86' lang='lat' dir='ltr'>praetermisit,</span> <span class='ocrx_word' id='word_1_222' title='bbox 868 1933 979 1971; x_wconf 82' lang='lat' dir='ltr'>quem</span> <span class='ocrx_word' id='word_1_223' title='bbox 1009 1920 1191 1958; x_wconf 87' lang='lat' dir='ltr'>Marcium</span> <span class='ocrx_word' id='word_1_224' title='bbox 1219 1921 1342 1959; x_wconf 87' lang='lat' dir='ltr'>uellet</span> <span class='ocrx_word' id='word_1_225' title='bbox 1372 1921 1558 1970; x_wconf 85' lang='lat' dir='ltr'>intellegi.</span> <span class='ocrx_word' id='word_1_226' title='bbox 1618 1920 1707 1971; x_wconf 91' lang='lat' dir='ltr'>Ipse</span> 
     </span>
     <span class='ocr_line' id='line_1_26' title="bbox 235 1984 1705 2040; baseline 0.005 -19"><span class='ocrx_word' id='word_1_227' title='bbox 235 1984 321 2021; x_wconf 79' lang='lat' dir='ltr'>(lum</span> <span class='ocrx_word' id='word_1_228' title='bbox 351 1985 643 2037; x_wconf 71' lang='lat' dir='ltr'>circumspicio,</span> <span class='ocrx_word' id='word_1_229' title='bbox 681 1987 725 2025; x_wconf 86' lang='lat' dir='ltr'>ad</span> <span class='ocrx_word' id='word_1_230' title='bbox 753 2000 864 2037; x_wconf 87' lang='lat' dir='ltr'>quem</span> <span class='ocrx_word' id='word_1_231' title='bbox 894 2000 937 2025; x_wconf 82' lang='lat' dir='ltr'>ea</span> <span class='ocrx_word' id='word_1_232' title='bbox 972 1991 1161 2040; x_wconf 87' lang='lat' dir='ltr'>pertineat</span> <span class='ocrx_word' id='word_1_233' title='bbox 1189 1992 1395 2040; x_wconf 86' lang='lat' dir='ltr'>memoria,</span> <span class='ocrx_word' id='word_1_234' title='bbox 1436 1991 1561 2029; x_wconf 88' lang='lat' dir='ltr'>incido</span> <span class='ocrx_word' id='word_1_235' title='bbox 1592 1992 1627 2028; x_wconf 91' lang='lat' dir='ltr'>in</span> <span class='ocrx_word' id='word_1_236' title='bbox 1659 1990 1705 2038; x_wconf 84' lang='lat' dir='ltr'>Q.</span> 
     </span>
     <span class='ocr_line' id='line_1_27' title="bbox 206 2053 1705 2108; baseline 0.005 -17"><span class='ocrx_word' id='word_1_237' title='bbox 206 2053 416 2092; x_wconf 85' lang='lat' dir='ltr'>&#39;Marcium</span> <span class='ocrx_word' id='word_1_238' title='bbox 449 2056 687 2107; x_wconf 74' lang='lat' dir='ltr'>Philippum,</span> <span class='ocrx_word' id='word_1_239' title='bbox 729 2059 792 2108; x_wconf 83' lang='lat' dir='ltr'>qui</span> <span class='ocrx_word' id='word_1_240' title='bbox 822 2071 855 2096; x_wconf 89' lang='lat' dir='ltr'>a.</span> <span class='ocrx_word' id='word_1_241' title='bbox 885 2071 920 2099; x_wconf 90' lang='lat' dir='ltr'>u.</span> <span class='ocrx_word' id='word_1_242' title='bbox 953 2072 986 2097; x_wconf 95' lang='lat' dir='ltr'>c.</span> <span class='ocrx_word' id='word_1_243' title='bbox 1019 2060 1101 2099; x_wconf 85' lang='grc'>472</span> <span class='ocrx_word' id='word_1_244' title='bbox 1140 2073 1222 2098; x_wconf 90' lang='lat' dir='ltr'>cum</span> <span class='ocrx_word' id='word_1_245' title='bbox 1266 2060 1304 2098; x_wconf 91' lang='lat' dir='ltr'>L.</span> <span class='ocrx_word' id='word_1_246' title='bbox 1339 2061 1505 2099; x_wconf 88' lang='lat' dir='ltr'>Aemilio</span> <span class='ocrx_word' id='word_1_247' title='bbox 1540 2061 1705 2100; x_wconf 85' lang='lat' dir='ltr'>Barbula</span> 
     </span>
     <span class='ocr_line' id='line_1_28' title="bbox 236 2122 1704 2183; baseline 0.009 -25"><span class='ocrx_word' id='word_1_248' title='bbox 236 2122 369 2160; x_wconf 89' lang='lat' dir='ltr'>consul</span> <span class='ocrx_word' id='word_1_249' title='bbox 396 2123 477 2160; x_wconf 85' lang='lat' dir='ltr'>fuit.</span> <span class='ocrx_word' id='word_1_250' title='bbox 522 2123 691 2170; x_wconf 85' lang='lat' dir='ltr'>Quorum</span> <span class='ocrx_word' id='word_1_251' title='bbox 721 2125 782 2162; x_wconf 88' lang='lat' dir='ltr'>hic</span> <span class='ocrx_word' id='word_1_252' title='bbox 816 2128 904 2177; x_wconf 70' lang='lat' dir='ltr'>‘qui</span> <span class='ocrx_word' id='word_1_253' title='bbox 937 2130 1007 2167; x_wconf 87' lang='lat' dir='ltr'>iam</span> <span class='ocrx_word' id='word_1_254' title='bbox 1038 2131 1073 2167; x_wconf 89' lang='lat' dir='ltr'>in</span> <span class='ocrx_word' id='word_1_255' title='bbox 1096 2132 1283 2168; x_wconf 89' lang='lat' dir='ltr'>Samnium</span> <span class='ocrx_word' id='word_1_256' title='bbox 1313 2132 1357 2169; x_wconf 85' lang='lat' dir='ltr'>ad</span> <span class='ocrx_word' id='word_1_257' title='bbox 1383 2133 1593 2170; x_wconf 78' lang='lat' dir='ltr'>exercitum</span> <span class='ocrx_word' id='word_1_258' title='bbox 1616 2144 1704 2183; x_wconf 90' lang='lat' dir='ltr'>pro-</span> 
     </span>
     <span class='ocr_line' id='line_1_29' title="bbox 234 2192 1704 2251; baseline 0.009 -23"><span class='ocrx_word' id='word_1_259' title='bbox 234 2192 358 2230; x_wconf 81' lang='lat' dir='ltr'>fectus</span> <span class='ocrx_word' id='word_1_260' title='bbox 390 2193 554 2242; x_wconf 81' lang='lat' dir='ltr'>fuerat&#39;,</span> <span class='ocrx_word' id='word_1_261' title='bbox 596 2194 659 2231; x_wconf 89' lang='lat' dir='ltr'>ubi</span> <span class='ocrx_word' id='word_1_262' title='bbox 694 2194 837 2234; x_wconf 86' lang='lat' dir='ltr'>Romae</span> <span class='ocrx_word' id='word_1_263' title='bbox 870 2197 1010 2238; x_wconf 90' lang='lat' dir='ltr'>bellum</span> <span class='ocrx_word' id='word_1_264' title='bbox 1040 2213 1121 2238; x_wconf 90' lang='lat' dir='ltr'>cum</span> <span class='ocrx_word' id='word_1_265' title='bbox 1155 2201 1368 2240; x_wconf 79' lang='lat' dir='ltr'>Tarentinis</span> <span class='ocrx_word' id='word_1_266' title='bbox 1402 2202 1601 2240; x_wconf 87' lang='lat' dir='ltr'>decretum</span> <span class='ocrx_word' id='word_1_267' title='bbox 1631 2209 1704 2251; x_wconf 84' lang='lat' dir='ltr'>est,</span> 
     </span>
     <span class='ocr_line' id='line_1_30' title="bbox 234 2261 1703 2320; baseline 0.009 -23"><span class='ocrx_word' id='word_1_268' title='bbox 234 2261 269 2298; x_wconf 88' lang='lat' dir='ltr'>in</span> <span class='ocrx_word' id='word_1_269' title='bbox 292 2274 386 2311; x_wconf 89' lang='lat' dir='ltr'>agro</span> <span class='ocrx_word' id='word_1_270' title='bbox 407 2263 612 2301; x_wconf 85' lang='lat' dir='ltr'>Tarentino</span> <span class='ocrx_word' id='word_1_271' title='bbox 638 2272 762 2304; x_wconf 85' lang='lat' dir='ltr'>castra</span> <span class='ocrx_word' id='word_1_272' title='bbox 786 2279 933 2317; x_wconf 81' lang='lat' dir='ltr'>ponere</span> <span class='ocrx_word' id='word_1_273' title='bbox 959 2271 1122 2309; x_wconf 87' lang='lat' dir='ltr'>iubetur.</span> <span class='ocrx_word' id='word_1_274' title='bbox 1164 2270 1223 2308; x_wconf 90' lang='lat' dir='ltr'>Cf.</span> <span class='ocrx_word' id='word_1_275' title='bbox 1243 2272 1450 2320; x_wconf 79' lang='lat' dir='ltr'>Dionysius</span> <span class='ocrx_word' id='word_1_276' title='bbox 1467 2271 1589 2310; x_wconf 83' lang='lat' dir='ltr'>Halic.</span> <span class='ocrx_word' id='word_1_277' title='bbox 1606 2271 1703 2313; x_wconf 87' lang='lat' dir='ltr'>Exc.</span> 
     </span>
     <span class='ocr_line' id='line_1_31' title="bbox 233 2330 1703 2392; baseline 0.009 -24"><span class='ocrx_word' id='word_1_278' title='bbox 233 2330 341 2370; x_wconf 90' lang='lat' dir='ltr'>XVII</span> <span class='ocrx_word' id='word_1_279' title='bbox 386 2334 444 2374; x_wconf 79' lang='lat'>10,</span> <span class='ocrx_word' id='word_1_280' title='bbox 505 2333 675 2371; x_wconf 85' lang='lat' dir='ltr'>Zonaras</span> <span class='ocrx_word' id='word_1_281' title='bbox 712 2334 798 2373; x_wconf 89' lang='lat' dir='ltr'>VIII</span> <span class='ocrx_word' id='word_1_282' title='bbox 838 2337 860 2375; x_wconf 88' lang='grc'>2</span> <span class='ocrx_word' id='word_1_283' title='bbox 906 2351 942 2389; x_wconf 81' lang='lat' dir='ltr'>p,</span> <span class='ocrx_word' id='word_1_284' title='bbox 987 2341 1064 2380; x_wconf 72' lang='lat' dir='ltr'>too</span> <span class='ocrx_word' id='word_1_285' title='bbox 1106 2341 1166 2382; x_wconf 79' lang='lat' dir='ltr'>ed,</span> <span class='ocrx_word' id='word_1_286' title='bbox 1210 2341 1329 2380; x_wconf 91' lang='lat' dir='ltr'>Bonn.</span> <span class='ocrx_word' id='word_1_287' title='bbox 1391 2345 1476 2392; x_wconf 68' lang='lat' dir='ltr'>Iym‘</span> <span class='ocrx_word' id='word_1_288' title='bbox 1512 2346 1703 2392; x_wconf 76' lang='lat' dir='ltr'>ferroque,</span> 
     </span>
     <span class='ocr_line' id='line_1_32' title="bbox 234 2401 1702 2461; baseline 0.01 -24"><span class='ocrx_word' id='word_1_289' title='bbox 234 2401 394 2442; x_wconf 82' lang='lat' dir='ltr'>Orosius</span> <span class='ocrx_word' id='word_1_290' title='bbox 427 2404 565 2454; x_wconf 77' lang='lat' dir='ltr'>inquit,</span> <span class='ocrx_word' id='word_1_291' title='bbox 602 2413 722 2443; x_wconf 63' lang='lat' dir='ltr'>nassa!</span> <span class='ocrx_word' id='word_1_292' title='bbox 750 2412 890 2455; x_wconf 73' lang='lat' dir='ltr'>omnia,</span> <span class='ocrx_word' id='word_1_293' title='bbox 925 2413 1086 2457; x_wconf 75' lang='lat' dir='ltr'>plurimu</span> <span class='ocrx_word' id='word_1_294' title='bbox 1118 2420 1308 2460; x_wconf 62' lang='lat' dir='ltr'>strpuynal</span> <span class='ocrx_word' id='word_1_295' title='bbox 1333 2416 1486 2461; x_wconf 72' lang='lat' dir='ltr'>oppida:</span> <span class='ocrx_word' id='word_1_296' title='bbox 1527 2424 1573 2450; x_wconf 79' lang='lat' dir='ltr'>ac</span> <span class='ocrx_word' id='word_1_297' title='bbox 1604 2413 1702 2450; x_wconf 80' lang='lat' dir='ltr'>Simi-</span> 
     </span>
     <span class='ocr_line' id='line_1_33' title="bbox 233 2471 1707 2534; baseline 0.009 -26"><span class='ocrx_word' id='word_1_298' title='bbox 233 2471 318 2509; x_wconf 89' lang='lat' dir='ltr'>liter</span> <span class='ocrx_word' id='word_1_299' title='bbox 350 2473 519 2512; x_wconf 86' lang='lat' dir='ltr'>Zonaras</span> <span class='ocrx_word' id='word_1_300' title='bbox 553 2474 578 2512; x_wconf 92' lang='lat' dir='ltr'>l.</span> <span class='ocrx_word' id='word_1_301' title='bbox 612 2475 635 2513; x_wconf 92' lang='lat' dir='ltr'>l.</span> <span class='ocrx_word' id='word_1_302' title='bbox 675 2471 747 2527; x_wconf 75' lang='grc' dir='ltr'>τὴν</span> <span class='ocrx_word' id='word_1_303' title='bbox 775 2473 906 2530; x_wconf 77' lang='grc' dir='ltr'><em>χώραν</em></span> <span class='ocrx_word' id='word_1_304' title='bbox 940 2473 1070 2518; x_wconf 74' lang='grc' dir='ltr'><em>αὐτῶν</em></span> <span class='ocrx_word' id='word_1_305' title='bbox 1107 2479 1297 2531; x_wconf 69' lang='grc' dir='ltr'><em>ἐλεηλάτει</em></span> <span class='ocrx_word' id='word_1_306' title='bbox 1331 2481 1396 2520; x_wconf 83' lang='grc' dir='ltr'>καὶ</span> <span class='ocrx_word' id='word_1_307' title='bbox 1428 2481 1623 2534; x_wconf 77' lang='grc' dir='ltr'><em>ἔφθειρεν.</em></span> <span class='ocrx_word' id='word_1_308' title='bbox 1667 2483 1707 2521; x_wconf 81' lang='grc' dir='ltr'>οἵ</span> 
     </span>
     <span class='ocr_line' id='line_1_34' title="bbox 231 2540 1702 2603; baseline 0.007 -24"><span class='ocrx_word' id='word_1_309' title='bbox 231 2540 272 2579; x_wconf 70' lang='grc' dir='ltr'>δὲ</span> <span class='ocrx_word' id='word_1_310' title='bbox 307 2540 523 2594; x_wconf 71' lang='grc' dir='ltr'><strong><em>ἐπεξῆλθον</em></strong></span> <span class='ocrx_word' id='word_1_311' title='bbox 551 2545 641 2595; x_wconf 64' lang='grc' dir='ltr'>μέν,</span> <span class='ocrx_word' id='word_1_312' title='bbox 680 2540 769 2585; x_wconf 62' lang='grc' dir='ltr'>ἀλλ’</span> <span class='ocrx_word' id='word_1_313' title='bbox 805 2545 1046 2601; x_wconf 75' lang='grc' dir='ltr'><em>ἐτράπησαν,</em></span> <span class='ocrx_word' id='word_1_314' title='bbox 1084 2546 1179 2590; x_wconf 75' lang='grc' dir='ltr'><em>ὥστε</em></span> <span class='ocrx_word' id='word_1_315' title='bbox 1208 2544 1298 2598; x_wconf 65' lang='grc' dir='ltr'><em>τοὺς</em></span> <span class='ocrx_word' id='word_1_316' title='bbox 1323 2547 1532 2601; x_wconf 82' lang='grc' dir='ltr'><em>Ῥωμαίους</em></span> <span class='ocrx_word' id='word_1_317' title='bbox 1562 2549 1634 2603; x_wconf 82' lang='grc' dir='ltr'>τήν</span> <span class='ocrx_word' id='word_1_318' title='bbox 1664 2567 1702 2590; x_wconf 84' lang='grc' dir='ltr'>τε</span> 
     </span>
     <span class='ocr_line' id='line_1_35' title="bbox 230 2606 1697 2675; baseline 0.009 -28"><span class='ocrx_word' id='word_1_319' title='bbox 230 2606 359 2663; x_wconf 71' lang='grc' dir='ltr'><em>χώραν</em></span> <span class='ocrx_word' id='word_1_320' title='bbox 390 2607 521 2651; x_wconf 72' lang='grc' dir='ltr'><em>αὐτῶν</em></span> <span class='ocrx_word' id='word_1_321' title='bbox 558 2609 679 2663; x_wconf 68' lang='grc' dir='ltr'><em>ἀδεῶς</em></span> <span class='ocrx_word' id='word_1_322' title='bbox 715 2621 918 2669; x_wconf 71' lang='grc' dir='ltr'><em>πορθῆσαι</em></span> <span class='ocrx_word' id='word_1_323' title='bbox 965 2623 1032 2658; x_wconf 78' lang='grc' dir='ltr'>καί</span> <span class='ocrx_word' id='word_1_324' title='bbox 1077 2636 1164 2660; x_wconf 83' lang='grc' dir='ltr'><em>τινα</em></span> <span class='ocrx_word' id='word_1_325' title='bbox 1208 2618 1471 2673; x_wconf 77' lang='grc' dir='ltr'><em>χειρώσασθαι</em></span> <span class='ocrx_word' id='word_1_326' title='bbox 1515 2618 1697 2675; x_wconf 79' lang='grc' dir='ltr'><em>φρούρια.</em></span> 
     </span>
     <span class='ocr_line' id='line_1_36' title="bbox 232 2680 1700 2741; baseline 0.01 -25"><span class='ocrx_word' id='word_1_327' title='bbox 232 2680 359 2725; x_wconf 85' lang='lat' dir='ltr'>Quare</span> <span class='ocrx_word' id='word_1_328' title='bbox 394 2683 480 2720; x_wconf 83' lang='lat' dir='ltr'>uide</span> <span class='ocrx_word' id='word_1_329' title='bbox 519 2697 565 2722; x_wconf 90' lang='lat' dir='ltr'>an</span> <span class='ocrx_word' id='word_1_330' title='bbox 604 2686 651 2723; x_wconf 85' lang='lat' dir='ltr'>ad</span> <span class='ocrx_word' id='word_1_331' title='bbox 682 2686 885 2725; x_wconf 85' lang='lat' dir='ltr'>Aemilium</span> <span class='ocrx_word' id='word_1_332' title='bbox 927 2690 1049 2739; x_wconf 87' lang='lat' dir='ltr'>possit</span> <span class='ocrx_word' id='word_1_333' title='bbox 1087 2703 1223 2728; x_wconf 89' lang='lat' dir='ltr'>uersus</span> <span class='ocrx_word' id='word_1_334' title='bbox 1260 2695 1377 2740; x_wconf 73' lang='lat' dir='ltr'>deque</span> <span class='ocrx_word' id='word_1_335' title='bbox 1413 2696 1562 2730; x_wconf 73' lang='lat' dir='ltr'>{olwnlil</span> <span class='ocrx_word' id='word_1_336' title='bbox 1589 2706 1700 2741; x_wconf 71' lang='lat' dir='ltr'>{tyros</span> 
     </span>
     <span class='ocr_line' id='line_1_37' title="bbox 229 2752 1697 2812; baseline 0.011 -28"><span class='ocrx_word' id='word_1_337' title='bbox 229 2752 340 2787; x_wconf 72' lang='lat' dir='ltr'>laetos</span> <span class='ocrx_word' id='word_1_338' title='bbox 370 2760 478 2799; x_wconf 70' lang='lat' dir='ltr'>alque</span> <span class='ocrx_word' id='word_1_339' title='bbox 512 2759 647 2803; x_wconf 72' lang='lat' dir='ltr'>oppida</span> <span class='ocrx_word' id='word_1_340' title='bbox 680 2762 774 2805; x_wconf 73' lang='lat' dir='ltr'>cepit</span> <span class='ocrx_word' id='word_1_341' title='bbox 810 2758 904 2807; x_wconf 87' lang='lat' dir='ltr'>(inc.</span> <span class='ocrx_word' id='word_1_342' title='bbox 950 2760 1031 2797; x_wconf 85' lang='lat' dir='ltr'>sed.</span> <span class='ocrx_word' id='word_1_343' title='bbox 1063 2759 1264 2811; x_wconf 85' lang='lat' dir='ltr'>XXXVII)</span> <span class='ocrx_word' id='word_1_344' title='bbox 1307 2762 1522 2811; x_wconf 86' lang='lat' dir='ltr'>pertinere:</span> <span class='ocrx_word' id='word_1_345' title='bbox 1569 2774 1697 2812; x_wconf 88' lang='lat' dir='ltr'>quam—</span> 
     </span>
    </p>
   </div>
  </div>
 </body>
</html>
