1762 3057
219 109 319 138 xxn
753 103 1166 148 QVAESTIONES

223 214 415 252 uideatur:
457 225 567 264 quam
604 225 682 251 rem
724 226 772 251 ne
804 213 982 251 subtilior
1022 213 1173 264 quidem
1213 214 1248 250 in
1288 213 1548 264 hoc'genere
1585 218 1702 265 poeta

223 284 420 336 Vergilius
453 284 658 332 deuitauit‚
693 284 754 333 qui
776 282 872 321 Aen.
896 283 948 322 VI
977 283 1080 332 723,
1114 296 1225 334 quem
1247 284 1588 334 locumllbergius
1611 283 1702 321 indi-

225 357 326 395 cauit
359 368 394 406 p.
423 353 494 401 17Ἷ
532 353 737 392 Anchisam
770 353 1022 399 descendenti
1047 353 1092 391 ad
1116 354 1260 392 inferos
1283 355 1442 394 Aeneae
1463 355 1553 393 facit
1577 365 1702 404 prom-

227 434 326 479 ptam
356 439 377 465 e
406 432 537 464 natura
574 436 699 463 rerum
731 425 955 475 sapientiam
987 437 1181 463 enarrare.
1233 425 1290 463 An
1322 432 1397 463 tam
1429 427 1593 477 ineptam
1625 436 1704 462 rem

228 482 498 547 Ennius-egit,
533 495 634 546 quod
667 496 771 546 prins
799 508 907 546 quam
936 496 982 534 ad
1011 508 1191 535 summam
1219 497 1461 543 sententiam,
1498 496 1703 533 animarum

228 569 540 615 translationem,
581 566 810 614 accederet,
853 568 967 618 paulo
999 581 1114 619 supra
1144 574 1327 618 repetens
1358 566 1483 605 mundi
1520 566 1706 616 originem

230 640 513 690 animarumque
544 644 713 676 naturam
748 636 993 688 exponeret?
1032 638 1079 677 Et
1111 638 1299 676 annalium
1331 639 1361 675 si
1394 650 1468 675 non
1501 642 1587 674 sunt
1620 649 1705 674 uer-

230 722 295 748 sus
316 710 384 759 illi,
415 709 474 748 cui
499 709 648 748 tandem
673 707 1062 755 carmtutststeretas⁶?
1094 708 1153 747 De
1176 709 1424 760 Epicharmo,
1447 707 1706 760 philosophae

230 780 428 819 doctrinae
455 780 605 828 dicam,
648 780 825 830 quoniam
856 777 1076 829 Epicharmi
1109 791 1268 828 uersus,
1303 780 1357 818 illi
1389 780 1540 830 quidem
1569 779 1630 829 qui
1659 790 1708 816 ex

231 850 461 902 Epicharmo
492 852 715 891 adferuntur
747 850 915 898 diserte,
955 862 1113 888 numero
1145 850 1343 888 trochaico
1373 851 1602 898 decurrunt,
1635 860 1709 886 non

226 921 398 960 debebat
429 923 580 978 omnino
613 920 796 970 cogitari:
834 920 905 957 nisi
925 921 979 969 is,
1015 922 1075 959 cui
1095 921 1180 959 fere
1200 920 1388 959 debentur
1407 921 1638 972 superstites
1661 932 1709 958 ex

229 993 305 1031 hoc
334 1005 481 1043 genere
503 1005 663 1040 uersus,
707 991 831 1029 Varro
858 990 1106 1028 hexametros
1134 991 1221 1030 illos
1253 993 1360 1043 ipsos
1387 1003 1483 1043 quos
1510 991 1710 1029 Lucretius

228 1062 430 1102 uidebatur
455 1062 653 1101 annalibus
678 1062 831 1100 tradere
856 1074 927 1099 una
950 1074 1035 1100 cum
1060 1063 1236 1101 uersibus
1259 1063 1467 1102 trochaicis
1487 1075 1535 1101 ex
1557 1062 1709 1110 eodem,

230 1139 269 1171 ut
299 1139 453 1184 putant,
493 1133 725 1185 Epicharmo
756 1132 1003 1171 1·ettulisset.·
1045 1133 1222 1184 Adposui
1254 1135 1371 1183 infra,
1413 1141 1452 1172 ut
1477 1134 1712 1183 intelligatur

195 1235 199 1238 .
232 1205 320 1255 quid
342 1204 416 1243 hoc
438 1206 493 1244 rei
518 1205 585 1253 sit7
616 1204 802 1242 Varronis
827 1204 976 1253 integra
998 1203 1117 1242 uerba
1141 1204 1209 1255 (de
1233 1204 1271 1242 L.
1298 1204 1337 1242 L.
1363 1205 1396 1242 V
1418 1205 1469 1243 59
1493 1204 1588 1257 M.):
1620 1208 1712 1243 haec

231 1277 300 1311 duo
336 1278 475 1313 caelum.
513 1284 546 1314 et
584 1283 685 1313 terra
723 1278 820 1325 quod
857 1280 980 1313 (ιηίηια
1023 1282 1055 1313 et.
1096 1288 1231 1325 corpus
1270 1278 1427 1314 umidum
1465 1283 1498 1314 el
1535 1278 1714 1325 fm'ssidum

234 1352 335 1383 terret
354 1350 432 1384 sicce
451 1361 521 1385 oua
537 1351 671 1397 parire
686 1348 774 1385 solet
791 1359 906 1396 {senus
921 1351 1055 1396 pennis
1075 1348 1367 1392 condecoratam,
1388 1361 1461 1385 71on
1482 1351 1654 1393 anstilam,
1677 1353 1716 1385 ul

233 1421 283 1453 ait
312 1419 472 1463 Εηηῖηε,
517 1425 549 1456 et
574 1424 658 1467 post
687 1420 771 1455 inde
809 1422 906 1456 uenit
943 1421 1113 1457 diuinitus
1147 1420 1260 1466 pullis
1300 1421 1381 1467 ipsa
1413 1422 1536 1456 [azima
1571 1422 1648 1456 siue
1679 1424 1715 1455 ul

234 1489 357 1525 Zenon
390 1491 520 1527 Citieus
551 1484 762 1527 (animalium
792 1500 914 1526 semen
945 1493 1038 1538 iynis
1068 1492 1098 1526 is
1131 1492 1193 1537 qui
1222 1492 1343 1526 anima
1382 1503 1427 1526 (tc
1468 1501 1581 1527 mens.
1647 1490 1718 1534 Qui

236 1562 365 1597 caldor
391 1573 410 1598 c
437 1565 537 1599 caelo
570 1564 666 1609 quod
695 1563 752 1597 llic
789 1562 1069 1597 irznumerahiles
1105 1573 1150 1597 ac
1188 1563 1400 1599 inmortales
1434 1564 1553 1610 iquos:
1597 1563 1717 1608 itaque

237 1632 558 1678 Epicharmus
578 1635 623 1670 de
644 1639 761 1670 mmztc
782 1633 943 1668 humana
967 1633 1052 1669 dicit
1074 1635 1087 1669 i
1095 1644 1113 1669 s
1127 1635 1159 1668 li
1168 1644 1187 1669 c
1208 1638 1260 1669 est
1281 1635 1325 1670 cle
1345 1635 1419 1670 sole
1441 1638 1606 1680 sumptus
1627 1635 1717 1680 iynis

236 1703 275 1738 id
303 1708 355 1739 est
382 1705 439 1740 sol
468 1709 520 1740 esc
547 1706 647 1752 isque
669 1710 760 1740 totzzs
784 1707 911 1740 mentis
931 1709 995 1741 est.
1048 1701 1198 1740 Etenim
1221 1701 1441 1740 dirimentes
1464 1713 1484 1740 a
1507 1714 1623 1740 uersu
1646 1713 1716 1739 suo

236 1776 314 1810 istic
345 1784 557 1823 pronomen
588 1779 672 1810 'cum
703 1771 923 1823 Epicharmi
956 1773 1108 1810 nomine
1141 1771 1338 1809 nouissimi
1365 1772 1517 1822 quidem
1546 1772 1717 1810 editores

240 1843 487 1892 coniungunt,
521 1855 596 1893 quo
628 1843 852 1893 superiores
876 1854 1013 1880 uersus
1035 1842 1283 1880 hexametros
1307 1855 1355 1881 ex
1380 1843 1551 1881 eiusdem
1575 1847 1717 1894 poetae

234 1913 353 1950 Siculi
384 1924 451 1951 ore
485 1913 641 1951 fluxisse
673 1913 922 1962 significetur.
976 1911 1026 1949 At
1056 1912 1156 1950 hunc
1187 1912 1290 1950 nihili
1323 1925 1412 1951 esse
1449 1919 1586 1951 testem
1612 1919 1718 1951 certa

241 1996 376 2022 uersus
399 1984 677 2034 interpolatrici
700 1995 809 2021 manu
827 1982 925 2020 male
943 1983 1135 2020 attrectati
1155 1984 1370 2023 emendatio
1392 1984 1577 2022 ostendit:
1606 1996 1718 2034 quem

242 2067 325 2093 cum
356 2054 534 2103 Scaliger
573 2055 664 2092 olim
704 2056 739 2092 in
779 2055 877 2093 hunc
913 2054 1063 2091 modum
1102 2060 1327 2104 purgasset:
1368 2059 1445 2092 istic
1483 2061 1535 2092 est
1575 2057 1619 2091 (Ie
1645 2057 1720 2092 sole

238 2131 403 2174 sumptus
432 2128 524 2174 iym‘s
551 2129 652 2174 isque
681 2129 807 2165 mentis
837 2132 902 2173 esc,
933 2124 1049 2175 paulo
1076 2116 1314 2175 probabilius
1336 2124 1525 2174 Bergkius
1558 2124 1582 2161 l.
1613 2123 1636 2160 l.
1669 2123 1719 2160 ita

242 2198 277 2234 in
307 2197 503 2246 pristinam
536 2195 707 2245 speciem
738 2195 902 2232 restituit
933 2207 1057 2232 suam:
1089 2199 1167 2233 istic
1193 2202 1244 2232 est
1275 2198 1318 2232 dc
1338 2198 1413 2231 sole
1436 2191 1601 2244 sumplus
1620 2198 1720 2242 isque

241 2273 331 2304 (olus
361 2270 488 2303 mentis
517 2274 580 2304 est.
626 2266 674 2303 At
706 2265 829 2303 eidem
862 2265 916 2303 illi
949 2253 995 2303 de
1028 2264 1163 2315 quibus
1197 2275 1324 2302 sermo
1355 2270 1415 2302 est
1443 2276 1580 2302 uersus
1601 2263 1719 2301 hexa-

240 2338 348 2374 metri
372 2337 596 2387 quibusdam
621 2339 800 2388 expressi
824 2337 1050 2375 uidebantur
1075 2349 1124 2374 ex
1149 2336 1206 2374 his
1226 2335 1385 2373 Graecis
1404 2345 1501 2384 quos
1519 2334 1719 2383 Diogenes

242 2406 413 2445 Laertius
447 2407 519 2458 (111
555 2407 603 2446 12
634 2420 670 2459 p.
704 2407 755 2445 72
790 2407 848 2446 ed.
879 2407 988 2457 Did.)
1021 2408 1190 2445 seruauit
1221 2405 1461 2456 Epicharmi:

462 2485 635 2540 Εὔμαιε,
667 2483 707 2528 td
741 2485 865 2540 σοφόν
896 2487 999 2527 ἐστιν
1029 2482 1074 2527 οὗ
1106 2477 1205 2527 καθ7
1234 2487 1280 2525 ἓν
1309 2483 1443 2537 μόνον,

465 2550 553 2595 ἀλλ’
587 2551 714 2597 ὁπόσα
744 2571 815 2608 περ
843 2558 909 2610 ζῇ,
946 2551 1075 2595 πάντα
1106 2554 1173 2594 καὶ
1204 2549 1365 2606 γνώμαν
1397 2551 1482 2603 ἔχει.

461 2622 527 2662 καὶ
555 2618 631 2676 γὰρ
658 2619 697 2663 τὸ
729 2626 836 2675 θῆλυ
866 2626 940 2662 τᾶν
968 2618 1227 2674 ἀλεκτορίδων
1257 2620 1378 2672 γένος.

463 2691 504 2729 αι’
536 2693 603 2743 λῇς
635 2694 882 2740 καταμαθεῖν
912 2684 1059 2739 ἀτενές,
1091 2684 1136 2728 οὗ
1168 2689 1282 2727 τίκτει
1314 2686 1429 2725 τέκνα
