1762 3057
619 190 623 194 -
682 170 1001 215 RELIQVIAE
1526 166 1580 207 41

810 281 864 326 ΙΙΙ

243 362 423 406 Pellitur
450 377 473 406 e
501 362 642 406 medio
675 360 908 419 sapientia,
947 362 987 405 ui
1021 361 1190 419 geritur
1215 376 1304 415 res,

243 430 473 489 Spernitur
498 434 646 475 orator
674 430 835 484 bonus,
876 430 1079 474 horridus
1111 430 1235 474 miles
1264 434 1444 475 amatur.

242 499 357 543 Haut
383 499 521 543 doctis
550 499 673 543 dictis
703 501 920 547 certantes
948 499 1025 543 sed
1054 499 1292 543 maledictis

123 573 204 611 275
242 567 423 611 Miscent
448 568 558 612 inter
583 581 682 611 sese
714 567 972 611 inimicitiam
1004 566 1234 625 agitantes.

241 637 336 680 Non
365 651 419 679 ex
450 636 542 679 iure
567 650 741 679 nulnum
768 638 1018 680 consertum
1047 636 1125 679 sed
1157 635 1296 694 magi’
1328 636 1444 679 ferro

244 704 350 749 Rem
379 707 580 763 repetunt
606 718 880 764 regnumque
912 706 1086 762 petunt,
1128 704 1295 748 uadunt
1326 703 1465 748 solida
1493 703 1546 746 ui.

791 781 853 825 IV
874 781 893 804 *

238 859 373 904 Poeni
405 874 512 904 suos
542 858 657 904 soliti
684 859 750 903 dis
780 860 1027 905 sacrificare
1056 858 1243 918 puellos.

106 1003 169 1023 non
199 993 351 1023 inuenies
370 994 486 1024 eadem
516 994 666 1025 membra
689 1003 773 1033 qnae
794 1000 868 1024 sunt
890 995 921 1025 in
942 995 1102 1025 Ennianis
1123 993 1276 1024 uersibus
1300 992 1355 1032 qni
1377 1000 1499 1033 magno
1519 992 1583 1021 sci-

107 1039 183 1070 lieet
202 1039 321 1080 spiritu
342 1045 371 1069 et
392 1040 504 1070 uerbis
524 1040 702 1070 altioribus
727 1041 904 1081 compositi
935 1046 1030 1079 sunt,
1067 1040 1159 1071 uelut
1183 1040 1217 1071 hi
1246 1044 1338 1070 sunt:
1384 1039 1582 1078 postquam'

105 1096 133 1115 e.
163 1096 194 1125 q.
224 1096 250 1115 s.
300 1087 386 1115 Aci-0
418 1086 500 1117 ibid.
539 1092 740 1127 ‘postquam
770 1110 776 1115 .
794 1110 822 1116 ..
849 1087 1005 1127 refregit:
1041 1086 1121 1117 huet·
1142 1087 1240 1117 Ennii
1268 1085 1369 1115 uerba
1390 1085 1489 1113 sunt?

106 1133 147 1162 ΙΙΙ
178 1131 306 1161 (tollius
325 1132 387 1162 XX
413 1131 455 1163 10
483 1138 552 1163 ‘ex
583 1133 675 1162 inre
704 1142 866 1163 manum
895 1139 1142 1163 consertum
1163 1150 1208 1155 ——
1241 1142 1281 1163 ex
1304 1130 1407 1162 Ennio
1435 1140 1513 1171 ergo
1536 1131 1582 1160 iu-

105 1188 202 1217 quam
232 1185 279 1208 est
307 1178 468 1219 magister
497 1178 586 1218 quod
614 1188 755 1218 quaero:
794 1179 921 1209 Ennius
950 1180 1038 1210 enim
1066 1179 1180 1209 uerbis
1208 1178 1300 1209 hisce
1326 1187 1405 1207 usus
1433 1184 1478 1207 est

103 1231 171 1254 tum
203 1234 264 1265 ego
298 1224 358 1260 hos
388 1235 504 1255 uersus
531 1235 571 1255 ex
605 1231 721 1254 octauo
743 1225 854 1255 annali
886 1226 1041 1256 absentes
1074 1225 1167 1255 dixi:
1211 1234 1285 1254 nam
1314 1223 1396 1253 sorte
1421 1233 1478 1253 cos
1500 1228 1582 1253 tam-

105 1280 203 1310 qnam
235 1270 410 1311 insigniter
441 1276 572 1312 praeter
599 1271 684 1301 alios
716 1272 820 1301 suctos
845 1272 1079 1303 meminefflm:
1117 1271 1268 1312 pellitur*
1297 1281 1324 1299 e.
1354 1281 1384 1308 q.
1412 1280 1439 1299 s.
1487 1272 1582 1299 ‘cum

105 1316 166 1347 lios
194 1327 312 1347 uersus
331 1317 501 1348 Ennianos
521 1317 705 1348 dixissem'
742 1328 770 1347 e.
793 1328 824 1356 q.
846 1329 873 1348 s.
917 1318 1108 1348 Lactantius
1138 1317 1212 1347 l)iu.
1238 1317 1314 1347 [nst.
1341 1316 1366 1345 V
1396 1326 1423 1345 c.
1448 1315 1463 1346 l
1494 1315 1582 1345 ‘dis-

103 1363 293 1404 «optatione
321 1363 455 1394 sublata
481 1363 667 1405 pellitur
769 1374 856 1400 reS,
886 1370 919 1394 ut
945 1365 990 1395 uit
1013 1364 1161 1394 Ennius:
1207 1364 1322 1394 Cicero
1343 1362 1386 1392 ad
1416 1361 1495 1392 sum.
1522 1362 1582 1392 vlt

105 1408 158 1446 13,
181 1410 201 1440 2
228 1416 236 1425 ⁶
251 1414 377 1440 tantum
399 1416 529 1442 metuo.
557 1420 595 1440 ne
613 1409 790 1440 artificium
811 1416 901 1441 tunm
921 1411 978 1440 tihi
1000 1420 1117 1452 purum
1138 1410 1256 1451 prosit.
1294 1408 1389 1442 Nam„
1418 1414 1449 1438 ut
1467 1408 1582 1442 audio,

103 1456 178 1486 istic
202 1465 220 1485 n
235 1465 252 1487 ο
267 1465 286 1485 n
315 1465 362 1486 ex
390 1456 485 1487 iure
578 1456 807 1498 repetunt.'
854 1456 944 1487 ldem
965 1466 1024 1499 pro
1045 1456 1181 1488 Murena
1202 1456 1254 1488 l-l.
1276 1455 1320 1487 30
1353 1455 1514 1488 ‘eu-nini.
1550 1460 1582 1484 ut

101 1502 147 1532 ait
170 1501 365 1543 ingeniosus
388 1504 485 1543 poeta
506 1507 536 1533 et
560 1508 674 1533 auctor
695 1502 793 1533 ualde
814 1502 920 1534 bonus
936 1527 943 1537 ,
986 1502 1124 1544 proeliis
1145 1501 1367 1544 promulgatis
1397 1500 1583 1542 pellitur

103 1560 119 1579 e
140 1548 282 1579 medio
302 1558 365 1579 non
386 1548 493 1579 solnm
518 1549 583 1579 ista
602 1554 714 1579 uestra
736 1549 879 1579 uerbosa
899 1549 1069 1579 simulatio
1089 1549 1286 1590 prudentiae
1308 1547 1368 1578 sed
1388 1547 1487 1577 etium
1509 1547 1583 1588 ipsa

105 1594 162 1625 illa
183 1594 320 1625 domina
338 1604 445 1625 rerum
467 1594 708 1635 sapientia:
737 1594 778 1624 ui
796 1595 934 1635 geritn
948 1605 962 1625 r
984 1605 1064 1626 res.
1093 1595 1324 1636 spernitur
1345 1599 1497 1624 orator
1519 1604 1582 1623 non

100 1640 209 1671 solum
243 1640 381 1671 odiosus
410 1641 441 1670 in
470 1640 612 1671 (licendo
642 1651 680 1671 ae
714 1640 856 1679 loquax,
896 1651 1011 1672 uerum
1043 1641 1142 1671 etium
1183 1641 1200 1671 b
1216 1649 1341 1671 onus:
1379 1639 1582 1670 horridus

100 1686 207 1717 mile
221 1696 236 1717 s
256 1693 396 1717 amatu
409 1697 435 1716 r.
475 1687 632 1717 Vestrum
651 1696 729 1717 uero
748 1686 895 1717 studium
915 1693 1019 1718 totuin
1042 1686 1164 1717 itu-etz*
1194 1686 1354 1727 (bonus
1377 1709 1383 1715 .
1401 1709 1407 1715 .
1425 1709 1431 1714 .
1466 1685 1582 1716 iacet

100 1742 166 1763 om.
203 1731 362 1772 Helmst.)
408 1736 514 1763 ‘non
543 1743 592 1763 ex
621 1733 712 1763 iure
740 1742 906 1763 manum
935 1738 1185 1764 consertum
1221 1732 1298 1762 sed
1330 1731 1442 1762 ferro
1475 1731 1583 1770 inquit

102 1789 187 1809 rem
214 1779 457 1819 repetunt.'
553 1779 598 1809 lv
624 1778 742 1810 Festus
764 1789 797 1820 p.
819 1778 886 1810 249
908 1779 950 1810 Μ.
992 1778 1152 1821 ‘puelli
1183 1788 1242 1819 per
1272 1777 1534 1808 deminutionem
1564 1787 1583 1808 a

104 1825 218 1867 pueris
243 1824 324 1855 dicti
351 1830 440 1858 sunt.
477 1825 589 1865 itaque
616 1830 647 1856 et
676 1825 802 1855 Ennius
831 1825 894 1856 ait:
922 1825 1044 1856 Poeni*
1080 1836 1108 1856 e.
1130 1834 1161 1864 q.
1185 1834 1212 1854 s.
1258 1823 1382 1854 Paulus
1402 1833 1434 1865 p.
1452 1822 1519 1855 248
1538 1822 1580 1854 M.

154 1951 223 1986 272
253 1949 387 1984 tollitur
411 1947 558 1995 Lccyom.
573 1949 757 1995 plerique.
802 1951 989 1996 repellitur
1010 1949 1160 1997 Lccyom.
1182 1952 1216 1987 9.
1250 1951 1406 1986 bellatur
1428 1949 1581 1984 Helmsl.

92 2017 167 2052 pro
186 2004 288 2040 Mur.
405 2005 562 2050 sapienti
604 2004 705 2039 Voss.
730 2005 833 2041 Gellii
945 2007 979 2041 ui
1010 2008 1148 2053 geritur
1174 2016 1258 2041 res:
1292 2007 1493 2052 spernitur]
1527 2006 1581 2040 ui—

100 2062 179 2107 geri
203 2065 320 2096 turres
344 2062 530 2107 spernitur
552 2060 668 2108 Luycl.
693 2061 797 2097 Gellii
844 2062 988 2098 uidetur
1008 2064 1195 2109 respuitur
1209 2074 1284 2109 pro
1304 2062 1406 2098 Mur.
1429 2062 1580 2097 Helmsl.

100 2119 184 2164 aliq.
214 2117 318 2153 codd.
349 2118 499 2164 Layom.
541 2117 686 2152 uidetur
715 2119 838 2163 respui
878 2119 1063 2164 spernitur
1102 2119 1233 2154 Salisb.
1262 2119 1402 2154 ibidem.
1436 2118 1583 2153 uidetur

102 2174 268 2219 resperni
285 2174 360 2210 siue
379 2174 522 2209 uidetur
540 2173 583 2207 R.
600 2185 637 2218 p.
657 2175 840 2219 spernitur
857 2177 969 2209 ceteri
983 2176 1087 2210 codd.
1107 2175 1256 2221 Layom.
1381 2176 1449 2212 273
1471 2177 1583 2208 afma-

100 2234 155 2264 tur
187 2229 316 2265 Pelau.
354 2226 441 2265 amil
478 2230 594 2276 Lu9d.
627 2229 730 2265 Gellii
869 2232 938 2268 274
978 2231 1067 2266 haut
1105 2231 1197 2279 Req.
1235 2231 1352 2277 Luqcl.
1388 2230 1489 2266 haud
1524 2240 1582 2264 ce·

102 2301 171 2335 leri
284 2298 353 2334 sed
383 2298 567 2335 Columna.
599 2310 667 2333 nec
698 2299 781 2335 libri
800 2301 872 2336 nisi
890 2301 988 2347 quod
1027 2289 1049 2336 ἧ
1089 2301 1206 2347 Luyd.
1355 2302 1424 2337 275
1465 2300 1582 2334 inimi-

101 2357 223 2390 citiam
253 2356 347 2390 libri.
391 2354 599 2389 inimicitias
628 2355 735 2401 uulyo
878 2359 946 2394 276
977 2368 1021 2391 ex
1044 2368 1101 2392 me
1132 2358 1210 2392 iure
1240 2357 1355 2403 Luyd.
1471 2367 1582 2390 manu

102 2412 205 2448 Gellii
232 2411 323 2458 Regl.
357 2411 459 2446 Voss.
493 2410 609 2456 Luffll.
638 2409 810 2457 Maylicib.
841 2423 914 2457 pro
940 2412 1043 2447 Mur.
1077 2412 1208 2448 Salisb.
1240 2413 1389 2458 Lagyom.
1422 2415 1467 2449 65

99 2468 240 2503 Eadem
270 2469 360 2503 iuris
384 2467 548 2513 formula
577 2470 726 2501 utuntur
756 2467 877 2502 Varro
905 2467 949 2502 cle
970 2468 1012 2502 L.
1030 2467 1074 2502 L.
1115 2468 1168 2503 VI
1188 2472 1232 2506 64
1269 2468 1322 2503 M.
1353 2468 1477 2503 Cicero
1505 2479 1581 2513 pro

100 2523 201 2559 Mur.
224 2528 279 2567 12,
304 2526 360 2561 26.
391 2524 434 2559 de
454 2526 546 2557 orat.
570 2520 595 2556 I
613 2527 666 2563 10,
683 2525 726 2559 41
756 2523 856 2558 libris
883 2524 920 2557 in
940 2534 1088 2558 manum
1116 2528 1150 2559 et
1170 2535 1281 2559 manu
1303 2523 1434 2570 formis
1457 2523 1579 2558 (liuer-

97 2579 260 2625 (lentibus
374 2579 494 2624 magis
527 2579 621 2612 ferro
651 2577 748 2613 Med.
782 2579 833 2614 ad
860 2578 954 2624 fam.
998 2579 1118 2625 inagis
1147 2591 1271 2614 errore
1301 2579 1385 2614 libri
1414 2578 1578 2614 Gelliani.

100 2636 220 2681 magis
253 2646 320 2670 om.
356 2635 427 2671 Cic.
455 2645 529 2681 pro
561 2634 661 2670 Mur.
801 2636 867 2671 277
912 2635 962 2669 rei
992 2639 1161 2680 repetunt
1192 2636 1295 2671 Gellii
1322 2635 1425 2670 Voss.
1449 2634 1578 2670 Pelau.

100 2690 273 2737 Mctyliab.
314 2692 494 2737 reipetunt
521 2690 612 2737 Ray.
637 2689 752 2736 Luqcl.
776 2690 879 2726 Gellii
992 2691 1151 2726 solidani
1189 2691 1291 2726 Voss.
1309 2690 1439 2726 Pelezu.
1472 2692 1579 2725 solita

102 2747 223 2783 iucuin
243 2746 357 2795 Luyd.
390 2748 498 2783 solita
517 2747 639 2783 uicum
663 2745 755 2794 Rey.
778 2747 861 2783 uide
879 2757 996 2795 supra
1138 2749 1208 2786 278
1235 2747 1348 2782 Poeni
1371 2758 1459 2783 suos
1481 2748 1578 2784 soliti
