1762 3057
626 189 631 193 '
689 178 1012 223 RELIQVIAE
1513 177 1593 217 109

251 358 385 402 Duxit
409 372 476 401 me
503 372 686 403 uxorem
714 358 950 403 liberorum
981 358 1062 403 ssbi
1094 359 1390 418 quaesendum
1420 359 1574 418 gratia.

250 493 361 552 'Ego
384 508 506 538 meae
529 510 627 539 cum
649 495 765 539 uitae
791 509 979 553 parcam,
1011 494 1142 539 letum
1171 494 1341 538 inimico
1371 494 1592 553 deprecer.

705 629 1003 689 Cresphontes

250 695 357 740 ‘Eho
389 699 455 750 tu,
495 697 558 751 di,
599 699 755 758 quibus
790 699 857 744 est
887 701 1082 757 potestas
1107 698 1251 741 motus
1278 712 1485 757 superum
1521 706 1592 744 at-

994 781 1077 826 que
1108 767 1304 820 inferum,

250 831 406 875 Pacem
439 832 549 877 inter
577 833 676 877 sese
709 833 958 888 conciliant,
998 835 1228 879 coinferunt
1257 834 1546 879 concordiam.

813 901 893 946 Vll

136 973 213 1011 165
254 1002 655 1013 .......
709 969 869 1029 [fidem]
904 970 1115 1028 opiferam
1145 970 1310 1014 socium
1343 969 1559 1014 aduocant

681 1060 701 1080 aa
1003 1060 1022 1081 ιιι

666 1152 769 1194 eunt
800 1150 854 1193 ad
884 1150 1068 1203 fontem,
1110 1149 1290 1192 nitidant
1317 1149 1501 1207 corpora

114 1269 230 1301 Bamb.
252 1270 270 1300 b
290 1269 404 1300 Tross.
428 1269 506 1300 Tur.
603 1271 650 1301 ab
679 1271 961 1302 incommodis
989 1268 1123 1304 Tross.)
1174 1270 1243 1300 ‘Ex
1263 1269 1410 1310 simplici
1431 1278 1525 1311 parte
1545 1281 1596 1301 re—

116 1315 381 1357 prehendentur,
414 1316 443 1346 si
466 1326 507 1347 ex
528 1316 655 1358 duplici
676 1317 891 1348 conclusione
920 1318 1078 1349 alterutra
1098 1326 1176 1357 pars
1196 1315 1358 1348 diluetur.
1392 1315 1454 1347 ho«-
1476 1317 1593 1348 modo:

115 1371 201 1392 nam
231 1362 266 1393 si
287 1362 512 1403 inprobum
609 1364 796 1405 nuptiis?
821 1381 867 1386 —
891 1364 999 1394 Duxi
1023 1362 1202 1404 probum
1224 1359 1333 1403 [160]
1378 1362 1464 1404 Ergo
1483 1373 1595 1404 repre-

115 1407 232 1439 hensio
262 1407 363 1439 huius
386 1408 478 1439 modi
506 1409 731 1440 conclusionis
760 1409 886 1451 duplex
910 1416 975 1441 est:
1015 1409 1142 1439 acutior
1170 1407 1228 1438 illa
1255 1408 1426 1448 superior,
1463 1408 1596 1439 facilior

116 1453 196 1484 haec
226 1455 392 1496 posterior
415 1454 457 1485 ad
481 1455 766 1497 excogitandum.'
814 1456 896 1487 Trcs
920 1456 996 1487 illos
1020 1464 1155 1486 uersus:
1186 1453 1304 1484 nulla
1323 1466 1351 1484 c.
1373 1465 1405 1494 q,
1427 1465 1453 1485 s.
1484 1455 1595 1486 rheto-

115 1500 178 1534 ris.
207 1510 270 1531 uon
287 1501 387 1532 Ennii
411 1511 485 1532 esse
500 1500 537 1531 O.
554 1501 759 1533 Ribbeckius
779 1501 880 1532 uidit:
909 1502 1033 1532 relicua
1055 1501 1098 1532 ad
1118 1500 1214 1531 Ennii
1233 1499 1475 1541 Cresphontem
1495 1502 1596 1542 pcrti-

115 1556 192 1576 nere
216 1546 296 1577 olim
323 1546 527 1578 intellectum
560 1554 609 1578 est
703 1548 745 1578 lv
774 1548 890 1579 Festus
921 1558 954 1589 p.
974 1548 1040 1579 ‘258
1057 1547 1099 1577 M.
1138 1555 1365 1586 ·quaese1·e
1390 1548 1525 1588 ponitur
1554 1548 1594 1578 ab

113 1592 260 1631 antiquis
290 1602 350 1633 pro
382 1603 558 1632 quaerere,
598 1599 631 1624 ut
664 1600 711 1624 est
744 1594 835 1634 apud
869 1594 1011 1624 Ennium
1040 1610 1084 1615 —
1118 1598 1149 1623 et
1179 1593 1212 1622 in
1240 1591 1447 1634 Chresponte

160 1638 188 1667 V
223 1638 350 1669 Gellius
368 1639 411 1669 vl
439 1638 477 1670 16
503 1637 759 1681 (deprecor)
789 1639 975 1681 ‘siguificat
995 1639 1094 1680 abigo
1115 1644 1144 1669 et
1164 1637 1322 1674 amolior,
1349 1639 1402 1669 uel
1421 1649 1520 1680 prece
1537 1640 1594 1670 ad—

114 1683 220 1714 hibita
235 1684 288 1715 uel
305 1693 369 1724 quo
385 1685 450 1715 alio
468 1686 579 1716 modo.
596 1686 676 1716 Item
692 1685 819 1716 Ennius
837 1686 869 1715 iu
885 1685 1091 1727 Cresphonte
1107 1709 1112 1714 .
1128 1708 1134 1714 .
1149 1685 1173 1713 .'
1201 1683 1252 1715 Cf.
1269 1693 1345 1714 ann.
1359 1685 1400 1714 w
1418 1686 1458 1716 fr.
1470 1685 1547 1716 Xlll

162 1730 204 1759 Vl
232 1730 327 1763 Rliet.
350 1731 393 1761 ad
410 1731 613 1762 Herennium
634 1732 659 1762 11
678 1733 733 1769 25,
754 1730 798 1762 39
824 1731 922 1762 ‘item
942 1732 1101 1762 uitiosum
1119 1736 1180 1768 est,
1202 1739 1277 1760 cum
1296 1729 1330 1760 id
1351 1739 1412 1771 pro
1433 1737 1521 1762 certo
1542 1741 1595 1761 su*

116 1776 232 1807 mitur.
260 1777 357 1816 quasi
380 1778 464 1808 inter
487 1787 601 1809 omnes
621 1783 765 1810 constet.
793 1777 882 1816 quod
902 1778 1001 1808 etiam
1029 1786 1114 1806 nuuc
1137 1777 1171 1807 in
1194 1777 1423 1807 controuersia
1440 1783 1506 1811 est.
1534 1776 1595 1807 hoc

114 1822 231 1852 inodo:
258 1822 338 1854 elio’
366 1833 395 1854 e.
416 1834 446 1862 q.
470 1834 496 1853 5.
531 1823 635 1854 ‘Nam
656 1825 700 1854 ita
721 1832 780 1865 pro
802 1833 862 1853 suo
882 1824 953 1855 iure
973 1823 1035 1853 hoc
1056 1821 1212 1863 exemplo
1235 1831 1332 1852 usum
1355 1822 1594 1864 Cresphontem

116 1867 241 1898 Ennius
273 1868 423 1901 induxit.
464 1870 559 1909 quasi
587 1871 651 1900 iam
683 1870 764 1900 satis
791 1869 889 1899 certis
917 1869 1102 1900 rationibus
1134 1868 1179 1899 ita
1207 1878 1281 1899 esse
1308 1868 1595 1899 demonstrasset!

114 1913 405 1955 (thesprotum
430 1915 502 1945 Par.
528 1916 644 1946 Bamb.
669 1926 687 1947 a
712 1914 780 1946 Erf.
799 1915 960 1946 Wuerzb.
985 1914 1278 1955 threspontem
1301 1913 1417 1945 Bamb.
1439 1915 1458 1945 b
1485 1921 1595 1945 tres-

114 1965 285 2000 pontem
306 1959 416 2002 Opitz.
439 1961 740 2003 chrespontum
761 1961 844 1992 Fris.
867 1960 1160 2002 tesprotlieuin
1179 1958 1279 1997 Tur.)
1300 1960 1414 1991 Cicero
1435 1961 1475 1992 de
1494 1962 1562 1991 inu.
1586 1962 1593 1991 l

114 2004 169 2039 49.
192 2004 233 2037 91
266 2012 535 2038 'controuersuin
565 2015 630 2045 est,
659 2009 690 2038 '111
717 2017 781 2047 quo
806 2007 847 2038 ad
874 2007 1012 2038 dubium
1041 2006 1338 2037 demonstrandum
1367 2007 1469 2038 dubia
1496 2017 1597 2038 causa

114 2050 283 2088 adfertur,
317 2052 379 2083 hoc
408 2053 523 2084 inodo:
563 2054 640 2085 elio'
673 2066 701 2085 e.
730 2064 761 2093 q.
787 2064 814 2083 s,
913 2054 970 2083 vll
997 2052 1123 2083 Nonius
1148 2062 1180 2093 p.
1201 2052 1277 2089 144,
1299 2052 1340 2083 14
1367 2053 1594 2086 mititiam.

171 2148 237 2183 161
266 2145 368 2180 duxit
390 2144 610 2181 Scriuerius.
645 2146 743 2181 ducit
772 2147 852 2182 cod.
972 2149 1035 2184 162
1067 2158 1172 2181 nicae
1203 2157 1287 2181 cum
1318 2145 1482 2181 Bothius.
1513 2158 1594 2180 cuni

114 2211 219 2235 ureae
241 2201 323 2235 libri
436 2200 570 2247 depcer
600 2201 679 2236 ναι.
703 2203 885 2248 deprecor
906 2203 1012 2248 uulqo
1129 2205 1195 2239 163
1216 2202 1285 2236 eho
1309 2207 1345 2236 tu
1368 2201 1403 2236 di
1427 2202 1505 2243 (uel
1526 2202 1595 2238 dii)

115 2258 248 2302 quibus
275 2261 331 2292 est
348 2258 480 2303 priore
499 2258 575 2292 loco
596 2257 694 2292 Fris.
719 2258 841 2293 Tross.
866 2258 953 2292 Tur.
977 2258 1107 2292 Bamb.
1129 2258 1149 2291 b
1174 2257 1299 2303 Opz'tz.¹
1326 2258 1438 2291 altero
1461 2267 1595 2291 omneS.

116 2313 247 2359 studiis
270 2324 356 2348 esse
375 2312 468 2347 Par.
487 2324 613 2358 m.pr.
635 2314 768 2349 studiis
789 2311 809 2348 ἑ
839 2313 1008 2348 W'tcerzb.
1032 2312 1141 2348 studii
1164 2314 1296 2359 quibus
1316 2317 1372 2347 est
1395 2313 1482 2358 Erf.
1508 2313 1597 2347 nihil

116 2369 226 2404 studii
257 2380 341 2404 esse
363 2368 493 2403 Bamb.
517 2380 540 2403 a
570 2373 603 2403 et
626 2369 724 2404 Fris.
745 2371 782 2404 in
802 2380 872 2415 my.
895 2369 945 2403 nil
967 2374 1003 2403 tu
1025 2369 1075 2404 dii
1097 2380 1181 2404 esse
1204 2369 1298 2403 Par.
1318 2379 1417 2403 corr.
1533 2380 1596 2413 po-

117 2430 227 2462 testas
259 2430 379 2460 motus
401 2426 533 2470 priore
553 2425 628 2460 loco
654 2425 742 2460 Tur.
764 2425 894 2460 Bamb.
917 2424 936 2458 b
960 2424 1088 2470 Opitz„
1123 2425 1236 2460 allero
1258 2434 1394 2459 omnes.
1431 2428 1595 2469 potestas

116 2482 216 2517 Fris.
244 2487 409 2527 potestas
437 2485 498 2516 aut
522 2485 642 2515 motus
667 2481 790 2516 Tross.
820 2484 941 2526 potest
972 2484 1033 2515 aut
1059 2485 1195 2514 motuni
1223 2479 1316 2514 Par.
1346 2491 1394 2513 m.
1412 2491 1479 2525 pr.
1506 2480 1593 2526 Erf.

115 2542 290 2584 potestat
307 2543 443 2572 motum
468 2537 636 2572 Wuerzb.
656 2540 853 2582 potestant
871 2540 990 2570 motus
1000 2535 1092 2569 Par.
1112 2546 1209 2570 corr.
1219 2535 1377 2570 Bamhaet
1397 2540 1431 2570 et
1445 2535 1543 2570 Fris.
1561 2538 1596 2570 in

114 2605 183 2640 my.
302 2598 367 2632 164
387 2604 518 2639 pacem
542 2593 633 2627 inter
647 2594 778 2638 priore
794 2593 870 2627 loco
886 2591 1017 2626 Bamb.
1034 2591 1054 2625 b
1077 2590 1200 2626 Tross.
1225 2590 1314 2626 Tur.
1334 2590 1434 2625 Fris.
1454 2602 1502 2626 m.
1518 2603 1595 2637 pr..

115 2650 229 2686 altero
249 2661 382 2686 omnes.
415 2660 546 2696 pacem
577 2649 675 2683 enim
697 2649 788 2683 inter
811 2647 902 2682 Par.
926 2647 1056 2681 Bamb.
1078 2658 1100 2681 α
1133 2647 1221 2692 Erf.
1242 2646 1341 2681 Fris.
1373 2657 1472 2682 corr.
1502 2658 1595 2692 pace

116 2707 214 2740 enim
236 2709 330 2741 inter
364 2706 532 2741 Wnerzb.
649 2716 688 2739 se
712 2703 840 2738 Bamb.
866 2703 886 2737 b
914 2703 1013 2737 Fris.
1128 2705 1195 2740 165
1225 2713 1246 2736 o
1273 2703 1333 2747 pie
1361 2713 1440 2737 eam
1468 2713 1594 2737 secum

117 2762 301 2797 aduocant
318 2762 400 2797 libri
514 2765 579 2799 166
599 2762 735 2795 sontem
754 2760 834 2794 edd.
855 2760 982 2794 sortem
999 2759 1092 2794 libri.
1111 2763 1197 2793 eunt
1213 2757 1261 2792 ad
1277 2759 1424 2801 sontem,
1443 2758 1597 2794 nitidant
