1762 3057
202 195 260 223 XL
717 186 1135 230 QVAESTMJNES

202 297 409 336 Romanam
438 302 737 334 sustentaturum
770 295 970 343 gloriatur.
1012 295 1181 341 «Sor0ri7
1217 305 1315 344 quae
1346 294 1539 333 Horatium
1570 297 1678 334 redu·

206 383 288 408 cem
327 370 373 407 de
418 379 563 418 sponso
604 366 737 402 occiso
778 364 890 402 dictis
931 364 1110 413 corripit7
1167 364 1298 401 neseio
1338 376 1383 402 an
1420 365 1517 402 haee
1562 364 1679 402 uerba

206 444 321 488 replet
352 446 384 477 le
414 442 604 486 laetificum
638 450 710 484 (san
747 435 842 479 (inc.
877 434 957 471 sed.
991 433 1082 484 vll)
1118 435 1358 472 conueniant.
1412 433 1594 484 Apertius
1622 446 1679 471 re-

209 509 460 559 spondentem
494 508 688 544 Horatium
718 504 882 554 produnt
914 503 958 540 sr.
992 503 1055 541 XI.
1091 504 1182 553 XII7
1217 516 1377 554 quorum
1411 504 1533 542 altero
1566 516 1679 555 spon-

209 592 289 617 sum
322 580 384 628 qui
418 589 491 615 non
517 575 705 614 recusarit
727 581 921 612 certamen
943 586 1012 612 suo
1037 575 1194 613 arbitrio
1217 574 1429 623 cecidisse,
1463 575 1586 613 altero
1609 575 1681 612 sibi

209 650 296 687 talia
315 649 414 686 dicta
448 649 482 685 in
514 654 588 685 tam
622 645 821 696 splendida
853 645 1013 683 uictoria
1046 645 1245 683 toleranda
1277 657 1352 682 non
1370 657 1459 683 esse
1478 645 1567 683 edit.
1612 643 1681 683 Ca-

210 719 297 769 pitis
327 719 526 756 damnatur
557 717 736 755 Horatius
766 728 810 753 ac
842 715 972 764 grauis
1006 716 1103 752 inter
1135 722 1281 766 patrem
1313 722 1352 754 et
1382 716 1527 754 iudices
1566 716 1685 753 oritur

209 790 255 827 de
284 788 477 839 supplicio
502 788 662 826 uictoris
687 786 903 826 contentio:
939 785 1124 836 siquidem
1147 799 1229 824 eam
1256 788 1538 824 contentionem
1561 786 1685 836 arguit

209 861 254 897 fr.
296 859 397 896 XIII.
472 859 653 910 Sequitur
693 857 796 895 fraus
830 855 969 894 Fufetii
1010 862 1047 893 et
1098 857 1265 895 crudelis
1311 859 1504 895 interitus:
1556 869 1600 895 ac
1625 857 1681 894 fr.

210 929 297 967 XIV
339 930 437 968 Tulli
480 929 599 967 uerba
643 927 820 975 exhibet„
865 927 926 977 qui
966 925 1154 964 Fufetium
1193 928 1354 965 interimi
1403 940 1512 978 quam
1552 940 1684 965 onmes

209 1001 292 1037 eius
335 1000 530 1049 ‘legiones
570 1010 615 1036 ac
657 998 880 1048 populares*
924 997 1051 1047 perire
1081 998 1235 1035 mauult.
1299 996 1535 1047 Supplicium
1564 996 1684 1046 ipsum

210 1070 380 1108 editores
412 1070 587 1107 uiderunt
618 1069 663 1106 fr.
697 1068 780 1105 XV.
807 1067 895 1105 XVI
914 1067 1095 1115 describi,
1126 1069 1283 1106 incertis
1301 1069 1467 1119 quidem,
1500 1067 1567 1105 sed
1586 1078 1683 1116 quae

210 1153 301 1178 uere
336 1141 434 1179 haud
469 1140 583 1178 dubie
620 1141 656 1176 in
695 1138 793 1176 hunc
830 1139 964 1176 librum
1005 1139 1093 1176 olim
1135 1140 1305 1189 reposita
1348 1144 1446 1176 sunt.
1506 1136 1685 1175 Ceterum

210 1212 295 1249 hinc
329 1211 485 1249 colores
518 1210 703 1260 quosdam
735 1210 890 1246 duxisse
918 1210 1130 1259 Vergilium
1163 1215 1254 1260 puto
1289 1210 1358 1259 (eo
1393 1209 1504 1256 loco,
1540 1207 1600 1245 ubi
1648 1214 1686 1245 et

210 1281 283 1318 alia
310 1280 481 1318 Enniana
513 1281 636 1318 latere
669 1292 783 1329 supra
824 1281 1033 1317 monuimus
1063 1280 1107 1317 ad
1138 1278 1152 1316 I
1185 1280 1230 1316 fr.
1261 1280 1308 1331 L)
1348 1279 1445 1317 Aen.
1481 1277 1565 1316 VIII
1605 1276 1685 1315 642

212 1355 313 1389 leand
335 1356 471 1400 procul
498 1354 580 1388 inde
611 1355 704 1388 oilae
736 1353 885 1387 Mellum
918 1355 954 1387 ins
982 1355 1128 1388 diuersa
1160 1354 1362 1400 quadrigae
1390 1352 1686 1387 Dislzcleranl—

210 1429 246 1458 nt
275 1429 310 1459 Ιιι
341 1426 456 1467 (liclia,
487 1424 636 1467 Albane,
666 1424 942 1466 manercs.'—-‚
970 1425 1289 1470 raptabatque
1320 1425 1420 1459 uiri
1449 1421 1687 1456 mendacis

212 1496 406 1529 uiscera
435 1495 597 1530 Tullus
616 1494 705 1529 Per
737 1494 921 1532 siluam,
953 1498 993 1527 cl
1013 1496 1176 1539 sparsi
1196 1494 1432 1529 rorabant
1455 1492 1688 1538 sanquine

213 1574 401 1609 uepres.
464 1560 597 1598 Restat
629 1573 649 1597 e
682 1559 781 1597 Tulli
814 1572 935 1609 regno
966 1560 1089 1598 Albae
1123 1562 1331 1598 excidium:
1363 1562 1468 1599 cuius
1502 1562 1555 1598 rei
1584 1562 1685 1610 frag-

212 1633 310 1668 mina
339 1632 430 1669 licet
465 1644 512 1668 ex
556 1631 727 1668 eiusdem
755 1630 918 1681 Vergilii
961 1632 1168 1669 imitatione
1201 1631 1297 1668 Aen.
1340 1631 1371 1668 Il
1414 1631 1493 1669 456
1537 1631 1684 1683 (XVII)

214 1703 420 1751 expiscari.
452 1701 611 1739 Ennium
639 1702 751 1749 enim7
783 1714 895 1751 quem
928 1713 1002 1739 non
1028 1702 1208 1754 nominat,
1243 1702 1434 1750 significat
1460 1702 1617 1739 Seruius
1652 1703 1685 1739 in

213 1770 307 1812 Aen.
342 1772 366 1808 l.
396 1772 419 1809 l.
455 1776 498 1810 de
528 1776 667 1810 Albano
699 1776 840 1810 wasidio
872 1777 1072 1811 lranslalus
1100 1779 1151 1810 est
1172 1776 1284 1809 locus.
1335 1770 1506 1808 Eundem
1531 1774 1687 1821 respicit

213 1842 378 1879 fortasse
398 1843 432 1879 in
454 1842 551 1879 Aen.
571 1842 604 1880 II
627 1843 649 1880 3
662 1843 668 1879 1
683 1844 705 1879 :3
717 1846 936 1891 plerumque
957 1847 1048 1880 enim
1069 1845 1119 1879 ad
1133 1844 1254 1879 tubam
1272 1847 1487 1878 euertuntur
1505 1844 1666 1878 ciuitates
1679 1863 1687 1879 .-

210 1915 301 1948 sicut
319 1914 447 1948 Albam
471 1916 595 1950 Tullus
613 1915 789 1950 Hostilius
817 1916 918 1949 inssi!
947 1916 1071 1949 merli.
1117 1910 1352 1960 Quamquam
1378 1911 1485 1948 nimis
1504 1911 1687 1949 incertum

213 1986 271 2017 est
286 2010 295 2027 7
329 1981 400 2017 inc.
428 1982 509 2018 sed.
538 1982 672 2030 fragm.
696 1981 784 2019 VIII
808 1982 915 2019 huius
941 1981 1052 2018 tubae
1075 1984 1269 2019 terriln'lmn
1290 1986 1443 2019 sonitum
1464 1982 1686 2030 significari.

326 2049 487 2087 Ancus
515 2051 581 2088 Ma
597 2053 665 2088 rei
681 2064 730 2088 us
763 2051 864 2101 quod
887 2063 983 2088 nunc
1012 2051 1163 2087 nomine
1187 2050 1325 2087 dicitur
1349 2051 1396 2088 fr.
1422 2050 1545 2089 XVIII
1567 2052 1686 2090 llber-

213 2120 263 2167 gii
297 2120 553 2158 emendationi
585 2121 759 2159 debetur.
808 2120 934 2169 Atque
967 2120 1041 2157 hoc
1065 2120 1155 2157 licet
1186 2120 1458 2169 probabilitate
1491 2124 1687 2160 coniectu-

215 2202 278 2226 rae
311 2190 462 2237 nitatur„
499 2190 594 2229 Anci
625 2204 687 2228 res
719 2193 753 2228 in
782 2191 855 2227 hoc
889 2190 985 2227 libro
1020 2196 1201 2228 tractatas
1242 2192 1383 2237 fuisse,
1418 2192 1463 2229 fr.
1505 2192 1575 2230 XX
1611 2205 1686 2243 quo

214 2260 364 2296 condita
397 2272 441 2297 ac
474 2262 612 2298 munita
640 2261 744 2298 Ostia
786 2260 876 2297 urbs
907 2267 1157 2304 memoraturq
1204 2262 1382 2299 ostendit.
1447 2261 1515 2300 Cui
1559 2276 1686 2302 narra-

214 2331 304 2366 tioni
336 2331 452 2368 addas
482 2331 599 2368 laceri
632 2344 767 2368 uersus
802 2331 1022 2381 particulam
1057 2335 1241 2370 icam-ula
1266 2341 1382 2381 pram
1404 2333 1536 2384 (XIX)
1571 2339 1607 2371 et
1639 2346 1687 2371 ex

214 2402 369 2438 incertis
402 2409 435 2439 el
469 2405 607 2439 Tiberis
633 2405 767 2449 flumen
801 2405 908 2439 uomit
937 2405 970 2437 in
1002 2414 1104 2439 mare
1132 2408 1266 2441 salsum
1302 2404 1396 2453 (inc.
1426 2403 1506 2441 Sed.
1538 2403 1625 2453 IX).

325 2471 353 2509 T
367 2473 519 2509 ertius
551 2472 742 2510 annalis
766 2472 874 2509 trium
890 2473 952 2521 qui
970 2475 1153 2521 postremi
1173 2480 1258 2511 sunt
1278 2486 1409 2523 regum
1429 2473 1685 2511 Romanorum

213 2555 276 2579 res
306 2549 438 2591 gestas
473 2549 510 2580 et
541 2544 648 2591 regni
680 2543 822 2579 ruinam
854 2544 1157 2594 comprehendit.
1221 2545 1331 2592 Quod
1360 2545 1430 2581 etsi
1461 2545 1553 2593 ipsis
1582 2544 1683 2593 frag-

211 2614 345 2650 mentis
374 2626 448 2650 non
477 2614 642 2662 cogitur„
675 2614 794 2662 exigit
825 2620 949 2651 tamen
980 2615 1145 2651 narratio
1168 2613 1422 2664 aequabiliter
1449 2615 1481 2650 in
1509 2615 1683 2663 singulos

213 2681 331 2718 libros
362 2683 574 2720 distributa.
627 2683 722 2721 Illud
749 2683 914 2729 dubium,
945 2684 1090 2721 liberae
1114 2686 1167 2721 rei
1192 2684 1368 2733 publicae
1395 2691 1500 2721 ortus
1523 2686 1566 2722 ad
1592 2685 1680 2723 hun-

214 2751 297 2788 cine
321 2752 454 2790 librum
477 2765 521 2791 an
544 2753 588 2791 ad
612 2755 821 2803 proximum
845 2755 1047 2803 pertineat.
1079 2754 1136 2791 De
1156 2752 1360 2803 Tarquinio
1385 2754 1475 2792 licet
1498 2755 1682 2805 quaedam
