1762 3057
640 187 941 222 ENNIANAE
1347 191 1527 222 LXXXIX

56 310 134 335 rem
167 297 202 334 hi
235 308 370 334 uersus
402 308 595 333 nnmerum
627 295 854 334 exhibeant:
889 309 937 333 ex
967 296 1041 333 hoe
1074 296 1170 333 enim
1203 306 1343 333 uereor
1372 302 1409 333 ut
1442 308 1526 333 cum

56 368 182 419 aliqua
216 366 484 417 probabilitate
523 367 713 404 Sotadens
748 367 970 404 suscitetur·
1014 373 1145 404 eontra
1179 378 1226 403 ex
1254 372 1417 415 utroque
1450 365 1526 402 leni

55 450 164 476 mann
187 437 314 488 possis
337 438 596 477 Saturniortun
622 437 829 487 particulas
855 438 1097 487 contingere:
1126 462 1147 471 ψ
1164 443 1188 469 -’
1207 449 1322 485 neque
1345 438 1404 474 ille
1428 438 1530 474 triste

56 530 68 535 -
100 509 284 558 quae'ritdl
325 508 450 556 simipi
485 511 610 556 Neque
648 510 760 556 caepe
799 510 971 545 nectdslum
1005 513 1060 542 L«
1091 513 1150 545 et:
1179 507 1308 542 ψ-ὐζ
1333 522 1413 545 cum
1441 511 1527 556 spo-

55 583 102 617 lia
122 604 131 606 -
150 581 294 629 ye‘neris
319 580 556 616 (Ie‘lraa'e'rilis
583 581 695 624 Quam
726 581 994 628 inscrij‘tliaebiem
1021 580 1161 616 dabitis.
1220 578 1312 616 Nam
1345 578 1435 616 illud
1462 578 1528 615 ab·

57 661 188 687 sonum
214 655 294 697 esta
329 649 428 698 quod
455 648 602 698 qnid'ain
631 647 689 684 hie
715 660 890 687 uersuum
920 649 1008 687 nihil
1031 650 1179 687 odorati
1205 649 1425 699 pedestrem
1443 660 1527 685 ora-

58 720 197 757 tionem
231 731 319 756 esse
351 719 492 769 opinati
526 724 624 755 sunt.

170 789 273 827 Inter
304 791 407 839 ipsas
439 788 547 826 Ennii
582 787 764 838 reliquias
801 791 881 827 iure
913 801 999 828 meo
1033 791 1170 840 opinor
1201 803 1221 828 a
1254 788 1379 827 Gellio
1412 787 1444 825 ΙΙ
1476 787 1528 825 29

59 861 231 898 traditam
257 859 404 910 Aesopi
435 859 598 897 fabulam
627 862 759 910 recepi
792 862 886 905 (inc.
919 867 988 898 sat.
1014 860 1108 911 ΙΥ);
1144 872 1253 910 quam
1281 859 1345 896 ille
1379 857 1424 895 ab
1456 857 1530 895 hoe

59 936 173 982 poeta
201 931 395 980 quadratis
427 929 602 967 uersibus
636 932 886 981 compositam
918 931 1042 968 tradit.
1106 931 1151 968 Ni
1178 931 1308 968 mirum
1342 935 1402 966 aut
1434 927 1531 966 fallit

57 1014 116 1039 me
148 1013 283 1039 sensus
322 1006 383 1037 aut
414 999 464 1037 ibi
497 999 643 1036 Gellius
684 999 767 1049 plus
800 1011 910 1049 quam
949 1004 1210 1047 argumentum
1244 999 1438 1037 Ennianae
1472 1011 1529 1035 sa-

58 1079 164 1110 turae
196 1071 376 1108 seruauit.
426 1068 517 1106 Cum
551 1069 646 1106 enim
679 1070 882 1106 narrationi
915 1070 1021 1118 ipsos
1053 1069 1187 1118 quibus
1220 1074 1335 1120 poeta
1367 1069 1530 1107 fabulam

59 1141 291 1180 concluserit
322 1152 459 1177 uersus
491 1139 673 1187 subiciat„
707 1151 781 1176 non
812 1145 883 1176 tani
916 1152 964 1176 ex
996 1139 1157 1188 Aesopo
1191 1153 1257 1178 sua
1289 1141 1530 1178 conuertisse

57 1224 166 1262 quam
198 1210 307 1248 Ennii
337 1222 490 1247 carmen
520 1215 674 1247 secutus
702 1211 949 1247 contexuisse
979 1220 1195 1246 sermonem
1227 1211 1390 1248 uidetur.
1431 1211 1479 1247 Vt
1510 1223 1532 1248 e

60 1287 173 1333 poeta
214 1280 323 1318 color
361 1280 509 1331 quidam
550 1281 780 1330 antiquitatis
818 1292 934 1329 super
966 1280 1036 1327 sit,
1077 1292 1186 1329 quem
1216 1281 1278 1318 uel
1309 1281 1379 1318 liae
1413 1292 1533 1318 uoces

57 1367 102 1392 ae
132 1353 348 1390 locutiones
380 1362 545 1399 arguere
574 1350 794 1388 uideantur:
822 1355 917 1399 pulli
946 1354 1250 1397 tremiltundi7
1278 1354 1532 1399 trepiduli,

57 1427 114 1461 (lie
138 1426 308 1467 crastini,
340 1425 481 1459 messim
511 1424 608 1459 hanc·
639 1423 738 1457 nobis
769 1425 960 1461 mlimmet,
992 1424 1083 1458 haee
1114 1424 1174 1458 ubi
1201 1425 1256 1459 ille
1287 1425 1378 1459 disci!
1403 1428 1436 1458 el
1459 1424 1531 1457 dis-

58 1497 182 1540 cessit,
219 1494 455 1541 obsequibili's,
493 1496 613 1540 primo
645 1495 733 1537 luci,
772 1495 893 1529 nidum
935 1496 1115 1540 missram'l.
1180 1492 1254 1529 Sed
1290 1492 1385 1529 baec
1424 1497 1533 1528 erunt

58 1564 224 1601 sortasse
257 1563 318 1612 qni
349 1563 469 1612 ipsum
496 1561 677 1604 Gellium,
713 1574 823 1611 quein
856 1563 1087 1612 antiquitatis
1117 1562 1329 1611 robiginem
1364 1563 1532 1612 inprimis

59 1634 262 1672 deamasse
301 1637 472 1677 constat,
519 1642 538 1667 e
583 1643 651 1668 suo
691 1633 925 1681 antiquarum
973 1633 1177 1670 dictionum
1207 1645 1306 1682 penu
1340 1632 1532 1681 sparsisse

62 1705 278 1755 opinentur.
340 1701 455 1739 Esto:
490 1707 525 1738 at
546 1702 631 1750 quid
662 1701 786 1738 dicant
821 1702 897 1750 itti,
932 1704 962 1739 si
994 1704 1160 1752 ipsorum
1189 1713 1365 1738 uersuum
1396 1701 1533 1750 quibus

59 1775 155 1812 hane
200 1772 365 1810 fabulam
411 1771 553 1808 Ennius
598 1773 794 1808 contexuit
834 1773 1016 1822 reliquias
1061 1773 1243 1822 quasdam
1286 1783 1330 1807 ae
1369 1771 1533 1819 uestigia

59 1840 297 1881 ostendero?
338 1841 430 1879 Nam
462 1841 548 1878 uide
589 1854 672 1878 num
706 1853 815 1878 meae
859 1854 917 1878 me
949 1854 1062 1879 aures
1104 1841 1337 1889 fefellerint,
1383 1853 1465 1878 cum
1498 1842 1533 1877 in

60 1915 116 1952 llis
148 1925 245 1963 quae
276 1918 379 1949 sunt:
422 1914 456 1949 θ’(
483 1925 613 1949 ‘manus
641 1916 712 1948 imn
743 1915 956 1960 luislulare:
991 1914 1130 1949 messim
1163 1914 1259 1949 hanc
1298 1914 1397 1948 nobis
1428 1912 1525 1948 (iclin-

58 1990 162 2025 πωνή,-
203 1983 319 2020 3ίά1ἰηι
360 1986 450 2020 dicto
481 1984 688 2019 0boe'diant:
718 1987 743 2019 il
767 1984 843 2019 (litis
873 1989 906 2020 el
933 1985 1042 2019 (unici
1067 1985 1160 2018 nielli
1186 1989 1311 2019 emnil:
1340 1983 1408 2029 flet
1437 1994 1534 2018 mmo

59 2056 164 2091 (lubio
186 2057 342 2101 procul:
369 2057 441 2091 min
470 2060 620 2090 metetur
651 2055 765 2102 neque
794 2059 1016 2090 necessarus!
1044 2054 1148 2089 Inidia
1179 2055 1229 2088 uli
1257 2066 1321 2089 uos
1347 2054 1533 2100 adferam,

61 2136 143 2161 cum
176 2124 211 2160 in
239 2123 295 2160 his
319 2124 433 2171 igitur
463 2125 605 2160 numeri
634 2124 807 2173 quiddam
835 2124 1019 2161 trochaici
1048 2122 1135 2160 mibi
1167 2123 1270 2160 uisus
1300 2135 1379 2159 sum
1410 2122 1533 2171 perei-

63 2206 176 2243 pere:
218 2198 332 2242 atque
370 2193 466 2231 haec
498 2206 544 2230 ne
578 2193 744 2231 litterula
784 2194 933 2244 quidem
977 2194 1153 2230 inmutata
1187 2205 1228 2230 se
1268 2192 1533 2242 prodiderunt,

63 2263 160 2300 unde
203 2263 233 2299 si
280 2262 475 2312 proticisci
525 2263 637 2311 lieet,
685 2265 848 2314 procliui
897 2263 1166 2302 emendatione
1215 2262 1381 2299 adhibita
1434 2261 1533 2298 aliae

64 2334 235 2372 eiusdem
263 2333 408 2369 numeri
440 2333 652 2382 particulae
685 2340 905 2383 emergunt,
946 2333 1030 2371 uel:
1071 2335 1137 2370 wis
1168 2336 1270 2369 modo
1300 2335 1367 2368 hue
1397 2333 1533 2368 (altw'ffl

63 2409 139 2443 lite:
168 2408 202 2441 si
223 2405 312 2452 quid
339 2405 479 2439 dicetur
509 2404 646 2440 cle‘nuo:
677 2407 715 2440 t'tl
744 2408 813 2440 iam
844 2407 960 2440 statim
987 2406 1167 2451 prtipc‘rel
1187 2407 1291 2450 inque
1320 2404 1431 2437 alifem
1455 2411 1535 2436 Sese

62 2476 226 2523 asportet
249 2477 383 2511 Iocum.-
415 2472 500 2510 alia.
564 2472 731 2519 Quorum
756 2479 793 2509 ut
825 2471 914 2508 nihil
945 2484 986 2508 re
1014 2484 1104 2508 uera
1138 2472 1208 2509 liae
1237 2471 1370 2520 specie
1400 2470 1434 2505 in
1460 2469 1533 2505 En-

64 2545 111 2580 nii
147 2548 273 2580 satura
293 2542 419 2589 fuerit,
455 2548 577 2579 tamen
609 2548 664 2579 tot
696 2542 870 2592 dispersa
899 2542 934 2577 in
967 2553 1034 2577 una
1062 2528 1278 2578 narratione
1307 2540 1416 2576 metri
1446 2551 1533 2576 ues-

66 2614 155 2662 tigia
185 2623 259 2650 non
290 2613 413 2662 aptius
445 2612 568 2661 repeti
599 2624 708 2660 quam
740 2624 788 2648 ex
815 2611 896 2661 ipsa
929 2610 1038 2647 Ennii
1072 2610 1182 2660 poesi
1215 2609 1421 2646 concedes.

177 2681 353 2732 Denique
387 2683 421 2719 in
453 2683 609 2719 incertis
640 2687 851 2718 saturarum
880 2680 985 2717 libris
1013 2692 1149 2717 uersus
1176 2679 1360 2729 quosdam
1400 2691 1533 2716 reeen-

67 2752 144 2800 sui,
182 2763 341 2801 quorum
370 2759 528 2790 metrum
559 2763 634 2789 non
671 2750 853 2789 abhorret
882 2750 928 2789 ab
961 2750 1184 2798 annalibus7
1219 2749 1285 2787 sed
1317 2762 1415 2800 quae
1447 2762 1532 2787 sen-
