1762 3057
200 207 332 236 LXXII
754 194 1158 239 QVAEs't‘toNEs

203 310 459 347 Romanorum
492 313 617 344 eastra
646 307 823 355 impetum
850 303 1027 351 fecerint,
1059 314 1247 340 armorum
1270 302 1509 352 hostiumque
1533 301 1674 339 oblitos

203 380 351 429 epulari
391 379 593 428 coepisse‚
640 382 673 413 et
705 381 742 411 ut
774 373 909 423 quibus
951 374 1120 409 insuetus
1162 372 1361 409 liberalior
1399 374 1522 410 uictus
1554 378 1673 421 esset,

202 449 348 486 auidius
391 448 477 484 uino
519 445 684 494 ciboque
726 455 892 493 corpora
923 454 1121 480 onerasse.
1177 442 1225 479 At
1258 442 1344 480 mihi
1376 442 1411 478 in
1433 441 1490 479 his
1512 442 1673 480 maxime

202 518 317 555 rebus
360 521 500 567 poetae
536 514 656 553 danda
697 526 785 551 esse
817 514 970 551 licentia
1010 513 1196 563 quaedam
1229 513 1378 550 uidetur
1409 512 1439 549 si
1470 512 1583 549 modo
1617 517 1675 549 est

200 587 374 624 licentia:
413 599 538 636 neque
573 597 647 635 ego
678 585 765 623 hinc
795 585 928 622 eiciam
971 596 1126 631 uersus,
1161 583 1398 633 quantumuis
1430 581 1556 619 Liuius
1594 581 1674 619 nul-

203 658 273 695 lam
306 656 521 707 crapulam,
555 668 665 706 quam
695 656 741 694 ad
764 655 860 693 hanc
891 661 1037 705 partem
1069 655 1244 692 carminis
1277 653 1427 702 trahas⁷
1460 651 1673 702 perhibeat.

203 727 327 765 Potuit
359 733 483 764 autem
522 728 596 765 illis
641 740 687 765 ex
719 727 874 763 incertis
916 726 1087 775 fragmen
1122 724 1276 775 aliquod
1316 724 1362 761 de
1396 724 1574 762 conuiuio
1609 723 1674 762 de-

204 803 436 848 promptum:
483 805 629 836 uertunt
675 806 843 835 ermerus
889 800 1024 834 ahenos
1069 796 1169 846 (inc.
1209 795 1290 833 sed.
1324 794 1384 845 L)
1427 795 1675 845 praemissum

206 880 307 905 esse.

315 937 423 975 Duos
456 938 517 987 qui
539 938 759 975 insecuntur
782 937 938 975 annales
961 942 1113 986 po'e'tam
1139 937 1171 973 in
1195 936 1274 973 bel
1290 935 1298 973 l
1315 948 1336 972 o
1360 935 1674 975 Antiocheno

202 1007 423 1058 inpendisse
455 1019 537 1046 cum
566 1010 824 1059 progrediens
858 1007 1035 1058 paulatim
1074 1008 1240 1045 narratio
1273 1007 1426 1055 exigat,
1459 1012 1534 1043 tum
1574 1016 1674 1043 com-

202 1078 377 1116 mendant
408 1080 619 1129 praecipue
647 1085 751 1116 certa
783 1078 1028 1128 reliquiarum
1060 1079 1209 1117 indicia.
1261 1078 1320 1115 Ac
1351 1077 1562 1115 decimus
1595 1076 1675 1126 qui·

201 1148 286 1185 (lem
337 1149 515 1185 tertius
562 1148 752 1186 annalis
802 1150 837 1185 in
886 1149 1067 1198 adparatu
1108 1148 1200 1186 belli
1243 1154 1418 1186 uersatus
1467 1152 1537 1184 est.
1598 1146 1674 1184 De-

202 1219 378 1267 pinxerat
419 1223 533 1267 poeta
574 1217 850 1268 Romanor-uim
891 1226 1053 1269 accepta
1087 1219 1169 1256 eius
1208 1217 1301 1255 belli
1337 1218 1459 1266 fama,
1492 1229 1675 1268 pauorem

202 1300 246 1326 ae
273 1288 531 1325 formidinem:
567 1300 675 1338 quam
694 1288 820 1326 Liuius
846 1292 964 1339 tangit
994 1290 1135 1327 XXXV
1159 1287 1229 1325 23:
1260 1295 1420 1326 ceterum
1451 1301 1490 1326 eo
1520 1295 1677 1337 temporo

201 1364 318 1397 minus
343 1373 385 1397 ea
417 1362 508 1397 bella
537 1371 630 1407 qnae
660 1362 882 1407 {serebantur
908 1374 1021 1399 (wirae
1044 1363 1214 1409 patratus
1241 1366 1348 1397 crant
1372 1373 1480 1408 quam
1503 1366 1675 1408 easpeclst-

203 1434 246 1467 {io
277 1433 435 1467 nondum
461 1433 579 1477 coepti
607 1443 687 1466 cum
711 1432 884 1467 Antiocho
916 1434 1004 1468 belli.
1068 1432 1189 1477 Quem
1220 1441 1402 1480 pauorem
1434 1442 1478 1467 ea
1508 1441 1570 1466 res
1601 1442 1675 1467 ma-

203 1501 303 1537 xime
342 1500 518 1547 adauxit,
561 1500 661 1548 quod
694 1499 945 1547 Antiochinum
994 1513 1104 1551 quem
1130 1500 1423 1550 Hellespontum
1451 1513 1533 1538 cum
1565 1512 1675 1537 exer-

206 1570 281 1606 citu
321 1570 506 1607 transisse
547 1570 761 1607 rumoribus
803 1570 966 1607 adlatum
1002 1578 1083 1608 erat
1129 1571 1275 1617 (Liuius
1306 1572 1330 1609 l.
1365 1571 1445 1621 l.)‚
1488 1576 1675 1620 tamquam

204 1639 365 1677 alterum
396 1639 566 1677 Xerxem
605 1640 852 1678 aduenturum
887 1643 1210 1680 extimescebam:
1247 1642 1281 1679 id
1316 1641 1417 1692 quod
1450 1639 1588 1678 Florus
1621 1646 1675 1677 te-

204 1715 324 1746 statur
364 1709 401 1759 (Ι
440 1709 490 1747 24
533 1722 569 1760 p.
609 1710 660 1747 43
701 1710 858 1761 Jahn.):
906 1726 977 1749 mm
1017 1716 1118 1750 (eliud
1149 1716 1422 1762 formidolosius
1458 1713 1563 1760 fama
1602 1713 1670 1748 bel>

203 1784 272 1818 lum
294 1784 383 1829 sm'l:
415 1785 548 1831 quippe
574 1794 652 1818 eum
678 1785 816 1819 Persas
846 1788 879 1819 el
908 1786 1091 1829 orientem,
1120 1787 1277 1821 Xerxen
1305 1791 1412 1832 alque
1431 1784 1587 1819 Darium
1618 1794 1675 1818 eo-

200 1855 374 1899 yion-ent,
405 1855 550 1900 quando
574 1855 744 1901 perfossi
765 1856 855 1889 inzcii
879 1860 1034 1897 montes,
1081 1856 1227 1902 qumzdo
1259 1856 1348 1890 uelis
1376 1859 1539 1900 opertum
1572 1863 1676 1889 mare

201 1925 450 1958 nuntiaretur.-
483 1925 534 1958 (αἶ
551 1925 618 1958 hoo
650 1926 820 1959 caelestes
851 1926 970 1959 minae
999 1926 1224 1966 territabant,
1257 1936 1334 1960 ceam
1361 1934 1487 1959 umore
1507 1926 1674 1959 Continuo

202 1994 385 2029 (lumumes
401 1995 529 2039 Apollo
559 1996 722 2029 sudaret.
778 1991 905 2041 Atque
928 1992 960 2028 ei
984 1992 1038 2029 rei
1062 1994 1240 2029 conuenit
1271 1991 1380 2029 Ennii
1411 2004 1545 2028 uersus
1575 1996 1676 2041 isque

201 2063 432 2107 Hellespaemta
466 2069 612 2108 pontem
652 2065 832 2099 vomendi(
868 2066 903 2099 in
942 2065 1013 2099 alto
1053 2062 1127 2113 (ΙΙ)
1170 2062 1266 2100 haud
1306 2062 1418 2100 dubie
1459 2062 1529 2099 hac
1559 2073 1672 2099 ocea-

203 2131 311 2167 sione
351 2130 486 2167 editus.
549 2130 708 2168 Praeter
738 2133 855 2169 minas
889 2138 1013 2169 autem
1048 2132 1241 2170 caelestes
1274 2132 1345 2181 (ef.
1376 2132 1502 2169 Liuius
1529 2131 1674 2169 XXXV

205 2199 278 2249 21)
314 2200 413 2249 apud
454 2199 611 2237 Ennium
650 2201 817 2238 fortasse
859 2209 966 2239 uates
1011 2202 1148 2253 aliquis
1188 2204 1458 2253 inpendentem
1499 2215 1519 2240 e
1559 2203 1671 2251 Syria

203 2276 469 2320 tempestatem
501 2271 758 2320 praedixerat.
822 2270 962 2310 Contra
995 2285 1106 2323 quem
1140 2273 1376 2322 nescioquis
1406 2285 1479 2310 non
1507 2279 1579 2311 tam
1608 2285 1670 2311 ua-

203 2347 275 2378 tum
308 2340 595 2388 hariolationes,
631 2353 723 2390 quas
752 2354 798 2379 ne
829 2344 864 2380 in
895 2350 1019 2381 aetate
1052 2342 1202 2392 quidem
1231 2344 1379 2392 agenda
1409 2345 1500 2381 satis
1533 2356 1670 2381 uerare

203 2411 385 2460 adpareat
418 2410 499 2461 (1),
541 2424 651 2461 quam
685 2413 803 2462 ipsam
845 2425 970 2450 rerum
1004 2412 1261 2450 conditionem
1294 2414 1541 2464 spectandam
1581 2426 1669 2452 esse

202 2482 371 2519 adlirmat
395 2480 503 2531 (ΙΙΙ).
546 2480 604 2519 Cf,
626 2482 733 2520 Ennii
754 2483 972 2521 Telamonis
995 2483 1039 2520 fr.
1060 2482 1105 2519 ll.
1155 2482 1425 2532 Fragmentum
1446 2483 1495 2521 IV
1520 2484 1668 2522 discidii

203 2551 394 2588 cuiusdam
424 2551 653 2589 Antiochum
687 2554 784 2590 inter
826 2559 863 2590 ct
894 2553 1141 2591 Hannibalem
1174 2554 1245 2590 orti
1276 2553 1451 2590 indicium
1483 2556 1664 2592 eontinet.

203 2618 310 2655 Initio
347 2621 497 2669 quidem
538 2628 664 2660 notum
707 2629 765 2660 est
807 2623 1034 2660 Antiochum
1072 2623 1117 2660 ab
1163 2623 1373 2660 Hannibale
1417 2626 1576 2661 maxime
1618 2625 1664 2662 ad

202 2689 282 2724 eius
319 2689 410 2726 belli
452 2692 642 2741 inceptum
679 2693 907 2730 stimulatum
940 2706 1041 2730 esse.
1105 2692 1162 2730 Cf.
1195 2693 1321 2730 Liuius
1358 2693 1501 2730 XXXV
1543 2695 1586 2733 lt)
1629 2701 1666 2733 et·

204 2755 244 2793 F.
276 2756 442 2795 Ritterus
461 2759 621 2809 Ephem.
649 2763 763 2812 antiq.
791 2761 955 2799 Darnist.
986 2775 1018 2800 a.
1046 2762 1150 2801 1840
1172 2775 1206 2813 p.
1228 2762 1307 2801 352
1331 2776 1389 2815 sq.
1459 2763 1532 2810 Qui
1562 2765 1663 2815 quod
